
<!DOCTYPE html>

<!--[if IE 8 ]> <html lang="en" class=" ie8"> <![endif]-->
<!--[if (gte IE 9)|!(IE)]><!-->
<html lang="en" class="">
<!--<![endif]-->

<head id="Head1">

<title>Frozen</title>
<meta charset="UTF-8">
<meta name="description" content="" />
<meta name="keywords" content="" />
<meta name="CODE_LANGUAGE" content="C#" />
<meta name="vs_defaultClientScript" content="JavaScript" />
<meta name="vs_targetSchema" content="http://schemas.microsoft.com/intellisense/ie5" />
<meta name="viewport" content="user-scalable=yes, width=device-width, initial-scale=1" />
<meta http-equiv="X-UA-Compatible" content="IE=edge" />
<script id="iga_cmn" src="/assets/iga_cmn.js"></script>

<script src="//use.typekit.net/wfz0ggn.js"></script>
<script>try { Typekit.load(); } catch (e) { }</script>

<link rel="canonical" href="https://www.thriftyfoods.com/shop-online/frozen" />
<meta name="apple-itunes-app" content="app-id=728994546">
<link rel="manifest" href="/assets/banner/manifest.json">
<meta property="og:type" content="website" />
<meta property="twitter:card" content="summary" />
<meta property="og:locale" content="en_CA" />
<meta property="twitter:title" content="Frozen" />
<meta property="og:title" content="Frozen" />
<meta property="twitter:description" content="" />
<meta property="og:description" content="" />
<meta property="og:url" content="https://www.thriftyfoods.com/shop-online/frozen" />



<script ID="dataLayerVariablesScript" type="text/javascript">
    'use strict';

    
    window['dataLayer'] = window['dataLayer'] || [];

    
    
    window['dataLayer'].push({'userLoggedIn' : 'Not logged in'});
</script>

<!-- Google Tag Manager -->
<script>(function (w, d, s, l, i) {
    w[l] = w[l] || []; w[l].push({
        'gtm.start': new Date().getTime(), event: 'gtm.js'
    }); var f = d.getElementsByTagName(s)[0],
    j = d.createElement(s), dl = l != 'dataLayer' ? '&l=' + l : ''; j.async = true; j.src = '//www.googletagmanager.com/gtm.js?id=' + i + dl; f.parentNode.insertBefore(j, f);
})(window, document, 'script', 'dataLayer', 'GTM-WN377L');</script>
<!-- End Google Tag Manager -->
<link href="/assets/styles/main.bundle?v=ibSK91-0q5v9Vx4lRhANzhhaA5wtD9dN0bWXCU873MU1" rel="stylesheet"/>

<script src="/assets/scripts/modernizr.bundle?v=2SknKP6q6LTDAuJacL2fgGOttflovhWGn90hkWOJj3U1"></script>

<script src="/assets/scripts/respond.bundle?v=wd8_1r5SdNmIzlyubdwcCJcfoCGuSUTs-IVN7MhlL9s1"></script>


<script src='https://www.google.com/recaptcha/api.js'></script><link href="https://www.thriftyfoods.com/shop-online/frozen?page=2&amp;pageSize=20" rel="next" /></head>

<body>

	
	
	
	<script>
	    var globalSettings = {"PageSettings":{},"ApiEndpoints":{"ItemAction_publish":"/api/en/ItemAction/Publish/{id}?source={source}","ItemAction_unpublish":"/api/en/ItemAction/UnPublish/{id}?source={source}","ItemAction_exists":"/api/en/ItemAction/Exists/{id}?source={source}","ItemAction_defaultaction":"/api/en/ItemAction/DefaultAction","Localization_localizeddomains":"/api/en/Localization/localizeddomains?Capacity={Capacity}&Item={Item}","OptimalPaymentRedirect_saveandredirect":"/api/en/OptimalPaymentRedirect/SaveAndRedirect","OptimalPaymentRedirect_success":"/api/en/OptimalPaymentRedirect/Success","AnalyticsProfiles_get":"/api/en/AnalyticsProfiles/Get?profileId={profileId}","AnalyticsProfiles_getpatterncardimage":"/api/en/AnalyticsProfiles/GetPatternCardImage?patternId={patternId}&w={w}&h={h}","AnalyticsProfiles_getpatterncard":"/api/en/AnalyticsProfiles/GetPatternCard?patternId={patternId}","AnalyticsProfiles_post":"/api/en/AnalyticsProfiles/Post","AnalyticsProfiles_put":"/api/en/AnalyticsProfiles/Put/{id}","AnalyticsProfiles_delete":"/api/en/AnalyticsProfiles/Delete/{id}","Paths_defaultaction":"/api/en/Paths/DefaultAction?ItemId={ItemId}&TreeDefinitionId={TreeDefinitionId}&StartDate={StartDate}&EndDate={EndDate}","Import_importcontactsfrommedialibraryandcreatelist":"/api/en/Import/ImportContactsFromMediaLibraryAndCreateList/{id}","Import_importcontactsfrommedialibrary":"/api/en/Import/ImportContactsFromMediaLibrary/{id}","Import_getcontactfileheaders":"/api/en/Import/GetContactFileHeaders/{id}","Import_removemedia":"/api/en/Import/RemoveMedia/{id}","ItemService_getitembycontentpath":"/api/en/ItemService/GetItemByContentPath?Path={Path}&Database={Database}&Version={Version}&IncludeMetadata={IncludeMetadata}&IncludeStandardTemplateFields={IncludeStandardTemplateFields}&Fields={Fields}","ItemService_defaultaction":"/api/en/ItemService/DefaultAction/{Id}?Database={Database}&Version={Version}&IncludeMetadata={IncludeMetadata}&IncludeStandardTemplateFields={IncludeStandardTemplateFields}&Fields={Fields}","ItemService_getchildren":"/api/en/ItemService/GetChildren/{Id}?Database={Database}&Version={Version}&IncludeStandardTemplateFields={IncludeStandardTemplateFields}&Fields={Fields}","ItemService_queryviaitem":"/api/en/ItemService/QueryViaItem/{id}?includeStandardTemplateFields={includeStandardTemplateFields}&fields={fields}&page={page}&pageSize={pageSize}&database={database}&version={version}","ItemService_search":"/api/en/ItemService/Search?term={term}&includeStandardTemplateFields={includeStandardTemplateFields}&fields={fields}&page={page}&pageSize={pageSize}&database={database}&sorting={sorting}&facet={facet}","ItemService_searchviaitem":"/api/en/ItemService/SearchViaItem/{Id}?Database={Database}&Term={Term}&Page={Page}&PageSize={PageSize}","Orders_getorderdetailsurl":"/api/en/Orders/getorderdetailsurl?orderId={orderId}","Identity_login":"/api/en/Identity/login","Identity_sociallogin":"/api/en/Identity/sociallogin","Identity_validate":"/api/en/Identity/validate","Identity_link":"/api/en/Identity/link","Identity_create":"/api/en/Identity/create","Intel_get":"/api/en/Intel/Get/{id}?contactId={contactId}&viewId={viewId}","RemoteTree_defaultaction":"/api/en/RemoteTree/DefaultAction/{id}?start={start}&end={end}","Tree_defaultaction":"/api/en/Tree/DefaultAction?TreeDefinitionId={TreeDefinitionId}&StartDate={StartDate}&EndDate={EndDate}","RemoteTreeDefinition_create":"/api/en/RemoteTreeDefinition/Create","RemoteTreeDefinition_delete":"/api/en/RemoteTreeDefinition/Delete/{id}","RemoteTreeDefinition_exists":"/api/en/RemoteTreeDefinition/Exists/{id}","RemoteTreeDefinition_defaultaction":"/api/en/RemoteTreeDefinition/DefaultAction/{id}","RemoteTreeDefinition_getalldefinitions":"/api/en/RemoteTreeDefinition/GetAllDefinitions","RemoteTreeDefinition_getalldefinitionids":"/api/en/RemoteTreeDefinition/GetAllDefinitionIds","PageMatcher_pagematchers":"/api/en/PageMatcher/PageMatchers?domainId={domainId}&pageUrl={pageUrl}","PageMatcher_deployedcampaigns":"/api/en/PageMatcher/DeployedCampaigns","PageMatcher_deployedgoals":"/api/en/PageMatcher/DeployedGoals","PageMatcher_deployedevents":"/api/en/PageMatcher/DeployedEvents","PageMatcher_defaultaction":"/api/en/PageMatcher/DefaultAction","Tutorial_setviewed":"/api/en/Tutorial/setviewed","FlyerShoppingList_getlist":"/api/en/FlyerShoppingList/getList","FlyerShoppingList_updatequantity":"/api/en/FlyerShoppingList/updateQuantity","FlyerShoppingList_addproduct":"/api/en/FlyerShoppingList/addProduct","FlyerShoppingList_addkeywords":"/api/en/FlyerShoppingList/addKeywords","FlyerShoppingList_deleteitems":"/api/en/FlyerShoppingList/deleteItems","Flyer_flyerpages":"/api/en/Flyer/flyerpages?date={date}","Flyer_getlastpricingperiodfirstday":"/api/en/Flyer/GetLastPricingPeriodFirstDay?start={start}","Flyer_getpricingperiodtext":"/api/en/Flyer/getPricingPeriodText","Explorer_dictionary":"/api/en/Explorer/dictionary","Explorer_tree":"/api/en/Explorer/tree?TreeDefinitionId={TreeDefinitionId}&StartDate={StartDate}&EndDate={EndDate}","Explorer_reports":"/api/en/Explorer/reports?TreeDefinitionId={TreeDefinitionId}&StartDate={StartDate}&EndDate={EndDate}","Explorer_loaduseremail":"/api/en/Explorer/LoadUserEmail","Explorer_loadusersettings":"/api/en/Explorer/LoadUserSettings","Explorer_saveusersettings":"/api/en/Explorer/SaveUserSettings","Explorer_defaultaction":"/api/en/Explorer/DefaultAction?TreeDefinitionId={TreeDefinitionId}&StartDate={StartDate}&EndDate={EndDate}","RemoteAdmin_rebuildalldeployedmaps":"/api/en/RemoteAdmin/RebuildAllDeployedMaps","RemoteAdmin_runnewmapagent":"/api/en/RemoteAdmin/RunNewMapAgent","RemoteAdmin_rundailymapagent":"/api/en/RemoteAdmin/RunDailyMapAgent?endDate={endDate}","RemoteAdmin_properties":"/api/en/RemoteAdmin/Properties","SegmentedList_defaultaction":"/api/en/SegmentedList/DefaultAction","ConsumerAddress_addresses":"/api/en/ConsumerAddress/addresses","ConsumerAddress_add":"/api/en/ConsumerAddress/add","ConsumerAddress_update":"/api/en/ConsumerAddress/update","ConsumerAddress_setasdefault":"/api/en/ConsumerAddress/setasdefault","ConsumerAddress_delete":"/api/en/ConsumerAddress/delete","TwitterData_defaultaction":"/api/en/TwitterData/DefaultAction","Store_get":"/api/en/Store/get?bannerMaxWidth={bannerMaxWidth}&bannerMaxHeight={bannerMaxHeight}","Store_neareststore":"/api/en/Store/neareststore?Longitude={Longitude}&Latitude={Latitude}","Store_storesfrompostalcode":"/api/en/Store/storesFromPostalCode","Store_storesfromaddress":"/api/en/Store/storesFromAddress","Store_getbyaddress":"/api/en/Store/getByAddress?bannerMaxWidth={bannerMaxWidth}&bannerMaxHeight={bannerMaxHeight}","Store_getdeliverystore":"/api/en/Store/GetDeliveryStore?Longitude={Longitude}&Latitude={Latitude}&postalCode={postalCode}&maxEntity={maxEntity}&bannerMaxWidth={bannerMaxWidth}&bannerMaxHeight={bannerMaxHeight}","Store_setdefaultstore":"/api/en/Store/SetDefaultStore","Store_setdelivery":"/api/en/Store/setDelivery","Store_setselectedstore":"/api/en/Store/setSelectedStore?storeId={storeId}&fulfillmentMethod={fulfillmentMethod}&postalCode={postalCode}","Store_setpickup":"/api/en/Store/setPickup","Store_getstoretimeslots":"/api/en/Store/getstoretimeslots","Store_getavailabletimeslots":"/api/en/Store/getAvailableTimeSlots?storeId={storeId}&customerId={customerId}&fulfillmentMethodType={fulfillmentMethodType}","Store_reservetimeslot":"/api/en/Store/reserveTimeSlot?StoreId={StoreId}&CustomerId={CustomerId}&StartTime={StartTime}&EndTime={EndTime}&FulfillmentMethodType={FulfillmentMethodType}&CultureName={CultureName}","Store_getcurrentstoreinfo":"/api/en/Store/getcurrentstoreinfo","Store_selecttimeslot":"/api/en/Store/selectTimeSlot","Store_releasereservedtimeslot":"/api/en/Store/releaseReservedTimeSlot","Search_get":"/api/en/Search/get","Search_starts":"/api/en/Search/starts?term={term}&type={type}","Coordinate_getpostalcode":"/api/en/Coordinate/GetPostalCode?Longitude={Longitude}&Latitude={Latitude}","LoyaltyCardInformation_validatefidelitycardnumber":"/api/en/LoyaltyCardInformation/ValidateFidelityCardNumber?fidelityCardNumber={fidelityCardNumber}","LoyaltyCardInformation_getshoppingprofile":"/api/en/LoyaltyCardInformation/GetShoppingProfile","FacebookData_defaultaction":"/api/en/FacebookData/DefaultAction","ElementMatcher_deployedcampaigns":"/api/en/ElementMatcher/DeployedCampaigns","ElementMatcher_deployedgoals":"/api/en/ElementMatcher/DeployedGoals","ElementMatcher_deployedevents":"/api/en/ElementMatcher/DeployedEvents","ElementMatcher_defaultaction":"/api/en/ElementMatcher/DefaultAction","BaseShoppingList_addproduct":"/api/en/BaseShoppingList/addProduct","BaseShoppingList_addkeywords":"/api/en/BaseShoppingList/addKeywords","BaseShoppingList_deleteitems":"/api/en/BaseShoppingList/deleteItems","Recipe_recipeslighthome":"/api/en/Recipe/recipeslighthome","Recipe_recipeslightweeklymenu":"/api/en/Recipe/recipeslightweeklymenu","Recipe_recipeslightweek":"/api/en/Recipe/recipeslightweek","Recipe_recipedetails":"/api/en/Recipe/recipedetails/{id}","Recipe_getrecipesformealplanrequest":"/api/en/Recipe/GetRecipesForMealPlanRequest?cultureName={cultureName}&weekDate={weekDate}&diet={diet}","CustomerProductComment_savecomment":"/api/en/CustomerProductComment/savecomment?productId={productId}","CustomerProductComment_getcomment":"/api/en/CustomerProductComment/getcomment?productId={productId}","CustomerProductComment_getcomments":"/api/en/CustomerProductComment/getComments","GooglePlusRecentActivity_defaultaction":"/api/en/GooglePlusRecentActivity/DefaultAction","AggregateView_get":"/api/en/AggregateView/Get?viewId={viewId}","Products_weekspecialsproductskus":"/api/en/Products/weekspecialsproductskus","Actions_convertlist":"/api/en/Actions/ConvertList/{id}","Actions_removeallcontactassociationsandsources":"/api/en/Actions/RemoveAllContactAssociationsAndSources/{id}","Actions_removecontact":"/api/en/Actions/RemoveContact/{id}?contactId={contactId}","Actions_addnewcontact":"/api/en/Actions/AddNewContact/{id}","Actions_deletelistbyid":"/api/en/Actions/DeleteListById/{id}","Actions_unlocklist":"/api/en/Actions/UnlockList/{id}","Actions_renamefolder":"/api/en/Actions/RenameFolder/{id}?newName={newName}","Actions_movefolder":"/api/en/Actions/MoveFolder/{id}?destinationId={destinationId}","Actions_movelist":"/api/en/Actions/MoveList/{id}?destinationId={destinationId}","Actions_deletefolder":"/api/en/Actions/DeleteFolder/{id}","Actions_removeduplicates":"/api/en/Actions/RemoveDuplicates/{id}","Actions_createfolder":"/api/en/Actions/CreateFolder/{id}?folderName={folderName}","Actions_exportcontacts":"/api/en/Actions/ExportContacts/{id}","AnalyticsData_get":"/api/en/AnalyticsData/Get","Consumer_resetpassword":"/api/en/Consumer/resetpassword?email={email}","Consumer_closeitemunavailablewarning":"/api/en/Consumer/closeitemunavailablewarning","Consumer_redirecttosubscription":"/api/en/Consumer/redirecttosubscription?email={email}","Beacon_trackpagevisit":"/api/en/Beacon/TrackPageVisit?page={page}&referrer={referrer}&contactId={contactId}","Beacon_trackgoal":"/api/en/Beacon/TrackGoal/{id}?page={page}&contactId={contactId}","Beacon_trackcampaign":"/api/en/Beacon/TrackCampaign/{id}?page={page}&contactId={contactId}","Beacon_trackevent":"/api/en/Beacon/TrackEvent/{id}?page={page}&contactId={contactId}","Beacon_triggerelementmatch":"/api/en/Beacon/TriggerElementMatch/{id}?page={page}&referrer={referrer}&contactId={contactId}","Beacon_ping":"/api/en/Beacon/Ping?address={address}","Beacon_bundleaddress":"/api/en/Beacon/BundleAddress","Beacon_stoptracking":"/api/en/Beacon/StopTracking?contactId={contactId}&killContact={killContact}&endTime={endTime}","Beacon_defaultaction":"/api/en/Beacon/DefaultAction","ExperienceEditorComponent_getsublayouthtml":"/api/en/ExperienceEditorComponent/GetSublayoutHtml/{id}?uniqueId={uniqueId}&placeholder={placeholder}&database={database}","ExperienceEditorComponent_getrenderinghtml":"/api/en/ExperienceEditorComponent/GetRenderingHtml/{id}?uniqueId={uniqueId}&placeholder={placeholder}&database={database}","ExperienceEditorComponent_updatesublayouthtml":"/api/en/ExperienceEditorComponent/UpdateSublayoutHtml/{id}?uniqueId={uniqueId}&deviceId={deviceId}&placeholder={placeholder}&database={database}","ExperienceEditorComponent_updaterenderinghtml":"/api/en/ExperienceEditorComponent/UpdateRenderingHtml/{id}?uniqueId={uniqueId}&deviceId={deviceId}&placeholder={placeholder}&database={database}","ExperienceEditorComponent_defaultaction":"/api/en/ExperienceEditorComponent/DefaultAction","Redirection_go":"/api/en/Redirection/Go?key={key}","ExternalSiteProxy_proxy":"/api/en/ExternalSiteProxy/Proxy?url={url}","AnalyticsPageEvents_getimage":"/api/en/AnalyticsPageEvents/GetImage?pageEventId={pageEventId}&w={w}&h={h}","AnalyticsPageEvents_getpageevent":"/api/en/AnalyticsPageEvents/GetPageEvent?pageEventId={pageEventId}","OfferedServices_all":"/api/en/OfferedServices/all","ListLocking_defaultaction":"/api/en/ListLocking/DefaultAction","Category_rootcategories":"/api/en/Category/rootcategories","ContactList_defaultaction":"/api/en/ContactList/DefaultAction?rootId={rootId}&filter={filter}&searchExpression={searchExpression}&pageIndex={pageIndex}&pageSize={pageSize}","ShoppingCart_updatecartitems":"/api/en/ShoppingCart/updatecartitems","ShoppingCart_updatecart":"/api/en/ShoppingCart/updatecart","ShoppingCart_getshoppingcartmodifications":"/api/en/ShoppingCart/GetShoppingCartModifications?NewStoreId={NewStoreId}","ShoppingCart_getcart":"/api/en/ShoppingCart/getcart","ShoppingCart_addcoupon":"/api/en/ShoppingCart/addcoupon","ShoppingCart_removecoupon":"/api/en/ShoppingCart/removecoupon?coupon={coupon}","ShoppingCart_addlisttocart":"/api/en/ShoppingCart/addlisttocart?listname={listname}","ShoppingList_getall":"/api/en/ShoppingList/getAll","ShoppingList_addproducts":"/api/en/ShoppingList/addProducts","ShoppingList_deleteitem":"/api/en/ShoppingList/deleteItem","ShoppingList_setactive":"/api/en/ShoppingList/setActive","ShoppingList_create":"/api/en/ShoppingList/create","ShoppingList_delete":"/api/en/ShoppingList/delete","ShoppingList_addproduct":"/api/en/ShoppingList/addProduct","ShoppingList_addkeywords":"/api/en/ShoppingList/addKeywords","ShoppingList_deleteitems":"/api/en/ShoppingList/deleteItems","GiftOfTheWeek_get":"/api/en/GiftOfTheWeek/get?CustomerId={CustomerId}&StoreId={StoreId}&FulfillmentDate={FulfillmentDate}","TwitterRecentActivity_defaultaction":"/api/en/TwitterRecentActivity/DefaultAction","LinkedInData_defaultaction":"/api/en/LinkedInData/DefaultAction","GooglePlusData_defaultaction":"/api/en/GooglePlusData/DefaultAction","RecipeBox_add":"/api/en/RecipeBox/Add/{id}","RecipeBox_remove":"/api/en/RecipeBox/Remove/{id}","ContactsByPath_defaultaction":"/api/en/ContactsByPath/DefaultAction?Path={Path}&TreeDefinitionId={TreeDefinitionId}&StartDate={StartDate}&EndDate={EndDate}","AnalyticsMasterData_getchanneltypeimage":"/api/en/AnalyticsMasterData/GetChannelTypeImage?channelTypeId={channelTypeId}&w={w}&h={h}","AnalyticsMasterData_getchannelimage":"/api/en/AnalyticsMasterData/GetChannelImage?channelId={channelId}&w={w}&h={h}","AnalyticsMasterData_getoutcomedefinitionimage":"/api/en/AnalyticsMasterData/GetOutcomeDefinitionImage?outcomeDefinitionId={outcomeDefinitionId}&w={w}&h={h}","AnalyticsMasterData_getoutcomedefinitions":"/api/en/AnalyticsMasterData/GetOutcomeDefinitions","Security_defaultaction":"/api/en/Security/DefaultAction","DomainMatcher_queryone":"/api/en/DomainMatcher/QueryOne/{id}","DomainMatcher_queryall":"/api/en/DomainMatcher/QueryAll?skip={skip}&top={top}&search={search}&sorting={sorting}","DomainMatcher_queryallcreatedby":"/api/en/DomainMatcher/QueryAllCreatedBy?createdBy={createdBy}&skip={skip}&top={top}&search={search}&sorting={sorting}","DomainMatcher_ashttpresponseex":"/api/en/DomainMatcher/AsHttpResponseEx?statusCode={statusCode}","DomainMatcher_defaultaction":"/api/en/DomainMatcher/DefaultAction"},"ProductImages":{"Small":"https://az870929.vo.msecnd.net/cdn/media/data/default/product-small.ashx","Medium":"https://az870929.vo.msecnd.net/cdn/media/data/default/product-medium.ashx","Large":"https://az870929.vo.msecnd.net/cdn/media/data/default/product-large.ashx"},"LocalStorageExpirationCart":259200,"MaximumOrderItems":280,"CustomerId":"616f260f-2dea-4b85-85e3-02254738a6ba","DefaultCartName":"Default","CultureName":"en-CA","IsCommerceEnabled":true,"GigyaKey":"3_DuW5tjCEWG1051YpPIq5u9fQ66pB164AHj6RRIaHPaDUNMPLXT4hiqlVbd_BufE_","GigyaTimeout":1200,"IsLoggedIn":false,"IsUserAuthenticated":false,"Username":"","TimeSlotReservationExpirationDate":0,"TimeSlotReservationDuration":0,"NotificationTimeBeforeReservationExpiration":15,"ServerTime":1604290497,"AddThisPubId":"ra-56b3e7c653410466","PageUrls":{"StoreAndTimeSlotSelector":"/utilities/store-and-time-slot-selector?item=%2fshop-online%2ffrozen","ProductDetails":"/product","ForgotPassword":"/my-account/resetpassword","CreateAccount":"/my-account/create/1_basicinfo"},"ScopeId":"15555D1","TypeAheadCount":5,"Cart":{"Data":{"ItemsCount":0,"FormattedItemsCount":"0 Items","Subtotal":0.00,"FormattedSubtotal":"$0.00","FormattedTotal":"$0.00","SummaryDetails":null,"Items":[],"CouponInfo":{"Coupons":[],"ErrorMessage":null},"IsTimeSlotSet":false,"FormattedTimeSlot":null,"SelectedTimeSlotDate":null,"SelectedTimeSlotStartTime":null,"SelectedTimeSlotEndTime":null,"SelectedGift":"","IsStoreDefinedCorrectly":false,"OrderNotes":""},"DataType":"LightShoppingCart","Errors":[],"PropertyBag":{"ShowMinimumOrderPrice":true}}};
		
	    window.onbeforeunload = function (sender) {
	        $(sender).attr("disabled", true)
	        $(sender).addClass("disable");
	        $("body").addClass("is-loading");
	    };
	</script>

	

<!-- Google Tag Manager-->
<noscript><iframe src="//www.googletagmanager.com/ns.html?id=GTM-WN377L" height="0" width="0" style="display:none;visibility:hidden"></iframe></noscript>
<!-- End Google Tag Manager -->
	



	<form method="post" action="/shop-online/frozen" id="mainform">
<div class="aspNetHidden">
<input type="hidden" name="__EVENTTARGET" id="__EVENTTARGET" value="" />
<input type="hidden" name="__EVENTARGUMENT" id="__EVENTARGUMENT" value="" />
<input type="hidden" name="__VIEWSTATE" id="__VIEWSTATE" value="/wEPDwULLTExMDg1MjcwMTUPFgIeE1ZhbGlkYXRlUmVxdWVzdE1vZGUCARYGZg9kFgJmD2QWAgIBD2QWBGYPFgIeB1Zpc2libGVoZAIBDxYCHgtfIUl0ZW1Db3VudAIBFgJmD2QWBAIBDxYCHgRUZXh0BQx1c2VyTG9nZ2VkSW5kAgMPFgIfAwUNTm90IGxvZ2dlZCBpbmQCBBBkZBYKAgEPZBYCZg9kFgJmD2QWGgICDw8WBB4LTmF2aWdhdGVVcmwFAS8eB1Rvb2xUaXAFDVRocmlmdHkgRm9vZHNkFgYCAQ8PFgIeCEltYWdlVXJsBUNodHRwczovL2F6ODcwOTI5LnZvLm1zZWNuZC5uZXQvY2RuL21lZGlhL2RhdGEvbG9nb3MvbG9nby1zbWFsbC5hc2h4ZGQCAw8PFgIfBgVDaHR0cHM6Ly9hejg3MDkyOS52by5tc2VjbmQubmV0L2Nkbi9tZWRpYS9kYXRhL2xvZ29zL2xvZ28tbGFyZ2UuYXNoeGRkAgUPDxYCHwYFRGh0dHBzOi8vYXo4NzA5Mjkudm8ubXNlY25kLm5ldC9jZG4vbWVkaWEvZGF0YS9sb2dvcy9sb2dvLW1vYmlsZS5hc2h4ZGQCCg8PZBYCHgV0aXRsZQUETWVudWQCDA8PFgIfBAUNL2ZpbmQtYS1zdG9yZRYCHwcFCE15IHN0b3JlZAIOD2QWBGYPDxYCHwQFDS9maW5kLWEtc3RvcmUWAh4Fc3R5bGUFEW92ZXJmbG93OnZpc2libGU7ZAICDxYCHgVjbGFzcwUPaGlkZS1pZi1kZWZhdWx0FgQCDQ8PFgIfBAUNL2ZpbmQtYS1zdG9yZWRkAhMPZBYEAgEPDxYCHwQFRC91dGlsaXRpZXMvc3RvcmUtYW5kLXRpbWUtc2xvdC1zZWxlY3Rvcj9pdGVtPSUyZnNob3Atb25saW5lJTJmZnJvemVuZGQCAg8PFgIfBAVEL3V0aWxpdGllcy9zdG9yZS1hbmQtdGltZS1zbG90LXNlbGVjdG9yP2l0ZW09JTJmc2hvcC1vbmxpbmUlMmZmcm96ZW5kZAIQD2QWBGYPDxYCHwQFES9teS1hY2NvdW50L2xvZ2luZBYCAgEPFgIfAwUWU2VsZWN0IGEgc2hvcHBpbmcgbGlzdGQCAg8WAh8BaBYCAgQPDxYCHwQFIy9teS1hY2NvdW50L2Rhc2hib2FyZC9zaG9wcGluZy1saXN0ZGQCEg8PFgQfBAURL215LWFjY291bnQvbG9naW4fBQUHU2lnbiBJbmRkAhQPZBYGZg8PFgIfBAURL215LWFjY291bnQvbG9naW5kZAICDxQrAAJkZGQCBA8PFgQfBQUGTG9nb3V0HwFoZGQCGA8PFgIfBAURL215LWFjY291bnQvbG9naW4WAh8HBRZTZWxlY3QgYSBzaG9wcGluZyBsaXN0ZAIaDw8WAh8EBRQvb3JkZXJzL3Nob3BwaW5nY2FydBYCHwcFBENhcnRkAhwPDxYCHwQFFS9teS1hY2NvdW50L2Rhc2hib2FyZBYCHwcFB0FjY291bnRkAh4PZBYIAgEPDxYCHwUFDlNlYXJjaCBXaXRoaW46ZGQCAw8WAh8CAgQWCGYPZBYCZg8VBw90YWJpbmRleCA9Ii0xIiABMAExEyBjaGVja2VkPSJjaGVja2VkIiAme0Q5Q0U0Q0JFLUM4QzMtNDIwMy1BNThCLTdDRjdCODMwODgwRX0BMANBbGxkAgEPZBYCZg8VBw50YWJpbmRleCA9IjAiIAExATIAJnsxNEE5MTI3Ni00MEJBLTQ5RDUtOTQwRC0zNjkyREUzREMzODF9ATEIUHJvZHVjdHNkAgIPZBYCZg8VBw50YWJpbmRleCA9IjAiIAEyATMAJnsxQTU2MTQ5OS1ERjQ0LTQxNDctQjRERC03QUI3ODk4MzQ4OTV9ATIHUmVjaXBlc2QCAw9kFgJmDxUHDnRhYmluZGV4ID0iMCIgATMBNAAme0MyNTJEMkExLTY1NTUtNDAwNS1CRkIxLUNENUI1QTQzMTZBM30BMwhBcnRpY2xlc2QCBQ8PFgIfA2UWAh4KYXJpYS1sYWJlbAUGU2VhcmNoZAIHDxYCHwcFBlNlYXJjaGQCIA9kFgICAQ8PFgIfBAUUL29yZGVycy9zaG9wcGluZ2NhcnRkFgICAw8WAh8DBQUkMC4wMGQCJA9kFgICAQ8PFgIfAWhkZAIFD2QWAmYPZBYCZg9kFgQCBQ9kFggCAQ8PFgIfAWhkZAICDw8WAh8DBQZGcm96ZW5kZAIEDw8WAh8BaGQWAgIFDxYEHgtwbGFjZWhvbGRlcgUSWW91ciBFbWFpbCBBZGRyZXNzHhRkYXRhLXBhcnNsZXktcGF0dGVybgX5AV4oKFtcdy1dK1wuKStbXHctXSt8KFthLXpBLVpdezF9fFtcdy1dezIsfSkpQCgoKFswLTFdP1swLTldezEsMn18MjVbMC01XXwyWzAtNF1bMC05XSlcLihbMC0xXT9bMC05XXsxLDJ9fDI1WzAtNV18MlswLTRdWzAtOV0pXC4oWzAtMV0/WzAtOV17MSwyfXwyNVswLTVdfDJbMC00XVswLTldKVwuKFswLTFdP1swLTldezEsMn18MjVbMC01XXwyWzAtNF1bMC05XSkpezF9fChbYS16QS1aMC05XStbXHctXStcLikrW2EtekEtWl17MiwxNH0pJGQCBw8PFgIfA2VkZAILD2QWBAIBD2QWAmYPZBYCZg9kFgJmD2QWBGYPZBYCAgEPZBYCAgEPFgIfAwWMAVByb21vdGlvbmFsIHByaWNpbmcgZGlzcGxheWVkIGlzIHZhbGlkIGZvciBvcmRlcnMgZGVsaXZlcmVkIG9yIHBpY2tlZCB1cCBiZXR3ZWVuIFRodXJzZGF5LCBPY3RvYmVyIDI5LCAyMDIwIGFuZCBXZWRuZXNkYXksIE5vdmVtYmVyIDQsIDIwMjAuZAICD2QWCAIBD2QWAgIDDxAPFgYeDURhdGFUZXh0RmllbGQFC0Rpc3BsYXlOYW1lHg5EYXRhVmFsdWVGaWVsZAUJRmFjZXROYW1lHgtfIURhdGFCb3VuZGdkEBUDCVJlbGV2YW5jZRhBbHBoYWJldGljYWwgb3JkZXIgKEEtWikYQWxwaGFiZXRpY2FsIG9yZGVyIChaLUEpFQM/aHR0cHM6Ly93d3cudGhyaWZ0eWZvb2RzLmNvbS9zaG9wLW9ubGluZS9mcm96ZW4/c29ydD1zY29yZTpkZXNjTWh0dHBzOi8vd3d3LnRocmlmdHlmb29kcy5jb20vc2hvcC1vbmxpbmUvZnJvemVuP3NvcnQ9RnVsbERpc3BsYXlOYW1lX1NvcnQ6YXNjTmh0dHBzOi8vd3d3LnRocmlmdHlmb29kcy5jb20vc2hvcC1vbmxpbmUvZnJvemVuP3NvcnQ9RnVsbERpc3BsYXlOYW1lX1NvcnQ6ZGVzYxQrAwNnZ2dkZAIDD2QWDAIBD2QWAgIBDxYCHwFoFgICAQ8QZBAVABUAFCsDABYAZAIDDw8WBh8EBSYvc2hvcC1vbmxpbmUvZnJvemVuP3BhZ2U9MSZwYWdlU2l6ZT0yMB8FBQpGaXJzdCBQYWdlHgdFbmFibGVkaGRkAgUPDxYGHwQFJi9zaG9wLW9ubGluZS9mcm96ZW4/cGFnZT0xJnBhZ2VTaXplPTIwHwUFDVByZXZpb3VzIFBhZ2UfEGhkZAIHDxYCHwICAxYGZg9kFgICAQ8PFgYeCENzc0NsYXNzBRxpcy1hY3RpdmUgcGFnaW5hdGlvbl9fbnVtYmVyHwRlHgRfIVNCAgJkFgICAg8VAQExZAIBD2QWAgIBDw8WBh8RBRMgcGFnaW5hdGlvbl9fbnVtYmVyHwQFJi9zaG9wLW9ubGluZS9mcm96ZW4/cGFnZT0yJnBhZ2VTaXplPTIwHxICAmQWAgICDxUBATJkAgIPZBYCAgEPDxYGHxEFEyBwYWdpbmF0aW9uX19udW1iZXIfBAUmL3Nob3Atb25saW5lL2Zyb3plbj9wYWdlPTMmcGFnZVNpemU9MjAfEgICZBYCAgIPFQEBM2QCCQ8PFgQfBAUmL3Nob3Atb25saW5lL2Zyb3plbj9wYWdlPTImcGFnZVNpemU9MjAfBQUJTmV4dCBQYWdlZGQCCw8PFgQfBAUnL3Nob3Atb25saW5lL2Zyb3plbj9wYWdlPTM1JnBhZ2VTaXplPTIwHwUFCUxhc3QgUGFnZWRkAgUPZBYCZg8PFgIfAWhkFgYCAQ8WAh8DBRdQYXN0IFB1cmNoYXNlZCBQcm9kdWN0c2QCAw8UKwACZGRkAgUPFCsAAg8WBB8PZx8CAv////8PZGRkAgkPZBYMAgEPZBYCAgEPFgIfAWgWAgIBDxBkEBUAFQAUKwMAFgBkAgMPDxYGHwQFJi9zaG9wLW9ubGluZS9mcm96ZW4/cGFnZT0xJnBhZ2VTaXplPTIwHwUFCkZpcnN0IFBhZ2UfEGhkZAIFDw8WBh8EBSYvc2hvcC1vbmxpbmUvZnJvemVuP3BhZ2U9MSZwYWdlU2l6ZT0yMB8FBQ1QcmV2aW91cyBQYWdlHxBoZGQCBw8WAh8CAgMWBmYPZBYCAgEPDxYGHxEFHGlzLWFjdGl2ZSBwYWdpbmF0aW9uX19udW1iZXIfBGUfEgICZBYCAgIPFQEBMWQCAQ9kFgICAQ8PFgYfEQUTIHBhZ2luYXRpb25fX251bWJlch8EBSYvc2hvcC1vbmxpbmUvZnJvemVuP3BhZ2U9MiZwYWdlU2l6ZT0yMB8SAgJkFgICAg8VAQEyZAICD2QWAgIBDw8WBh8RBRMgcGFnaW5hdGlvbl9fbnVtYmVyHwQFJi9zaG9wLW9ubGluZS9mcm96ZW4/cGFnZT0zJnBhZ2VTaXplPTIwHxICAmQWAgICDxUBATNkAgkPDxYEHwQFJi9zaG9wLW9ubGluZS9mcm96ZW4/cGFnZT0yJnBhZ2VTaXplPTIwHwUFCU5leHQgUGFnZWRkAgsPDxYEHwQFJy9zaG9wLW9ubGluZS9mcm96ZW4/cGFnZT0zNSZwYWdlU2l6ZT0yMB8FBQlMYXN0IFBhZ2VkZAICD2QWAmYPZBYCZg8PFgIfAWhkFgQCAw8UKwACZGRkAgUPFCsAAg8WBB8PZx8CAv////8PZGRkAgkPZBYCZg9kFgJmD2QWEgIBDw8WAh8EBQEvZBYEZg8PFgIfBgVMaHR0cHM6Ly9hejg3MDkyOS52by5tc2VjbmQubmV0L2Nkbi9tZWRpYS9kYXRhL2xvZ29zL3RocmlmdHlfbG9nb19mb290ZXIuYXNoeGRkAgEPDxYCHwYFTGh0dHBzOi8vYXo4NzA5Mjkudm8ubXNlY25kLm5ldC9jZG4vbWVkaWEvZGF0YS9sb2dvcy90aHJpZnR5X2xvZ29fZm9vdGVyLmFzaHhkZAIDDw8WAh8DBRFOZXdzbGV0dGVyIFNpZ251cGRkAgUPD2QWBB8LBRJZb3VyIEVtYWlsIEFkZHJlc3MfDAX5AV4oKFtcdy1dK1wuKStbXHctXSt8KFthLXpBLVpdezF9fFtcdy1dezIsfSkpQCgoKFswLTFdP1swLTldezEsMn18MjVbMC01XXwyWzAtNF1bMC05XSlcLihbMC0xXT9bMC05XXsxLDJ9fDI1WzAtNV18MlswLTRdWzAtOV0pXC4oWzAtMV0/WzAtOV17MSwyfXwyNVswLTVdfDJbMC00XVswLTldKVwuKFswLTFdP1swLTldezEsMn18MjVbMC01XXwyWzAtNF1bMC05XSkpezF9fChbYS16QS1aMC05XStbXHctXStcLikrW2EtekEtWl17MiwxNH0pJGQCBw8WAh8DBRNFbWFpbCBpcyBub3QgdmFsaWQuZAILDxQrAAIPFgQfD2cfAgIFZGQWAmYPZBYKAgEPZBYCAgEPZBYCZg8PFgYfBAUlaHR0cHM6Ly93d3cuZmFjZWJvb2suY29tL1RocmlmdHlGb29kcx8FBQhGYWNlYm9vax4GVGFyZ2V0BQZfYmxhbmtkFgRmDw8WBB8GBVBodHRwczovL2F6ODcwOTI5LnZvLm1zZWNuZC5uZXQvY2RuL21lZGlhL2RhdGEvaWNvbnMvZm9vdGVyLXNwcml0ZXMvZmFjZWJvb2suYXNoeB4NQWx0ZXJuYXRlVGV4dAUIRmFjZWJvb2tkZAICDw8WAh8DBQhGYWNlYm9va2RkAgIPZBYCAgEPZBYCZg8PFgYfBAUgaHR0cHM6Ly90d2l0dGVyLmNvbS90aHJpZnR5Zm9vZHMfBQUHVHdpdHRlch8TBQZfYmxhbmtkFgRmDw8WBB8GBU9odHRwczovL2F6ODcwOTI5LnZvLm1zZWNuZC5uZXQvY2RuL21lZGlhL2RhdGEvaWNvbnMvZm9vdGVyLXNwcml0ZXMvdHdpdHRlci5hc2h4HxQFB1R3aXR0ZXJkZAICDw8WAh8DBQdUd2l0dGVyZGQCAw9kFgICAQ9kFgJmDw8WBh8EBSlodHRwczovL3d3dy55b3V0dWJlLmNvbS91c2VyL1RocmlmdHlGb29kcx8FBQdZb3V0dWJlHxMFBl9ibGFua2QWBGYPDxYEHwYFT2h0dHBzOi8vYXo4NzA5Mjkudm8ubXNlY25kLm5ldC9jZG4vbWVkaWEvZGF0YS9pY29ucy9mb290ZXItc3ByaXRlcy95b3V0dWJlLmFzaHgfFAUHWW91dHViZWRkAgIPDxYCHwMFB1lvdXR1YmVkZAIED2QWAgIBD2QWAmYPDxYGHwQFJ2h0dHBzOi8vd3d3Lmluc3RhZ3JhbS5jb20vdGhyaWZ0eWZvb2RzLx8FBQlJbnN0YWdyYW0fEwUGX2JsYW5rZBYEZg8PFgQfBgVRaHR0cHM6Ly9hejg3MDkyOS52by5tc2VjbmQubmV0L2Nkbi9tZWRpYS9kYXRhL2ljb25zL2Zvb3Rlci1zcHJpdGVzL2luc3RhZ3JhbS5hc2h4HxQFCUluc3RhZ3JhbWRkAgIPDxYCHwMFCUluc3RhZ3JhbWRkAgUPZBYCAgEPZBYCZg8PFgYfBAUnaHR0cHM6Ly93d3cucGludGVyZXN0LmNvbS90aHJpZnR5Zm9vZHMvHwUFCVBpbnRlcmVzdB8TBQZfYmxhbmtkFgRmDw8WBB8GBVFodHRwczovL2F6ODcwOTI5LnZvLm1zZWNuZC5uZXQvY2RuL21lZGlhL2RhdGEvaWNvbnMvZm9vdGVyLXNwcml0ZXMvcGludGVyZXN0LmFzaHgfFAUJUGludGVyZXN0ZGQCAg8PFgIfAwUJUGludGVyZXN0ZGQCDQ8UKwACDxYEHw9nHwICAmRkFgJmD2QWBAIBD2QWAgIBDw8WCB8EBQcvY2FyZWVyHwVlHwMFB0NhcmVlcnMfE2VkZAICD2QWAgIBDw8WCB8EBQgvY29udGFjdB8FZR8DBQpDb250YWN0IFVzHxNlZGQCDw8UKwACDxYEHw9nHwICBWRkFgJmD2QWCgIBD2QWAgIBD2QWBAIBDxYCHwMFC1Nob3AgT25saW5lZAIDDxQrAAIPFgQfD2cfAgIFZGQWAmYPZBYKAgEPZBYCAgEPDxYIHwQFDC9zaG9wLW9ubGluZR8FZR8DBQtTaG9wIE9ubGluZR8TZWRkAgIPZBYCAgEPDxYIHwQFH2h0dHA6Ly9waWNrdXAudGhyaWZ0eWZvb2RzLmNvbS8fBQUfUmVzZXJ2ZSAmIFBpY2t1cCBQYXJ0eSBQbGF0dGVycx8DBRdTaG9wIEVudGVydGFpbmluZyBUcmF5cx8TBQZfYmxhbmtkZAIDD2QWAgIBDw8WCB8EBSAvb3VyLXNlcnZpY2VzL2Zsb3dlcnMtLC1hLSwtbW9yZR8FZR8DBQtTaG9wIEZsb3JhbB8TZWRkAgQPZBYCAgEPDxYIHwQFGC9vdXItc2VydmljZXMvbW9iaWxlLWFwcB8FZR8DBQpNb2JpbGUgQXBwHxNlZGQCBQ9kFgICAQ8PFggfBAUzL3BoYXJtYWN5LWFuZC13ZWxsbmVzcy9waGFybWFjeS9waGFybWFjeS1tb2JpbGUtYXBwHwVlHwMFDFBoYXJtYWN5IEFwcB8TZWRkAgIPZBYCAgEPZBYEAgEPFgIfAwULUXVpY2sgTGlua3NkAgMPFCsAAg8WBB8PZx8CAgdkZBYCZg9kFg4CAQ9kFgICAQ8PFggfBAURL215LWFjY291bnQvbG9naW4fBWUfAwUGTG9nIEluHxNlZGQCAg9kFgICAQ8PFggfBAUNL3dlZWtseS1mbHllch8FZR8DBQxXZWVrbHkgRmx5ZXIfE2VkZAIDD2QWAgIBDw8WCB8EBQ0vZmluZC1hLXN0b3JlHwVlHwMFDEZpbmQgQSBTdG9yZR8TZWRkAgQPZBYCAgEPDxYIHwQFCC9yZWNpcGVzHwVlHwMFB1JlY2lwZXMfE2VkZAIFD2QWAgIBDw8WCB8EBQ0vb3VyLXNlcnZpY2VzHwVlHwMFDE91ciBTZXJ2aWNlcx8TZWRkAgYPZBYCAgEPDxYIHwQFHy9waGFybWFjeS1hbmQtd2VsbG5lc3MvcGhhcm1hY3kfBWUfAwUIUGhhcm1hY3kfE2VkZAIHD2QWAgIBDw8WCB8EBSYvb3VyLXNlcnZpY2VzL2dpZnQtY2FyZHMtLC1hLSwtYmFza2V0cx8FZR8DBQpHaWZ0IENhcmRzHxNlZGQCAw9kFgICAQ9kFgQCAQ8WAh8DBQdDYXJlZXJzZAIDDxQrAAIPFgQfD2cfAgIEZGQWAmYPZBYIAgEPZBYCAgEPDxYIHwQFWGh0dHBzOi8vYXo4NzA5Mjkudm8ubXNlY25kLm5ldC9jZG4vbWVkaWEvaG9tZS9jYXJlZXJzL3RmZW1wbG95ZWVhcHBsaWNhdGlvbmZvcm0yMDE3LmFzaHgfBQUQQXBwbGljYXRpb24gRm9ybR8DBRBBcHBsaWNhdGlvbiBGb3JtHxMFBl9ibGFua2RkAgIPZBYCAgEPDxYIHwQFcmh0dHBzOi8vam9icy5zb2JleXNjYXJlZXJzLmNvbS9zZWFyY2gvP3E9dGhyaWZ0eStmb29kcyZxMj0mbG9jYXRpb25zZWFyY2g9JnRpdGxlPSZsb2NhdGlvbj0mZmFjaWxpdHk9VGhyaWZ0eStGb29kcx8FBQ5Kb2JzIEluIFN0b3Jlcx8DBQ5Kb2JzIEluIFN0b3Jlcx8TBQZfYmxhbmtkZAIDD2QWAgIBDw8WCB8EBTlodHRwczovL2pvYnMuc29iZXlzY2FyZWVycy5jb20vZ28vQ29ycG9yYXRlLUpvYnMvNzk2MjIwMC8fBQUTT2ZmaWNlIEpvYiBQb3N0aW5ncx8DBRNPZmZpY2UgSm9iIFBvc3RpbmdzHxMFBl9ibGFua2RkAgQPZBYCAgEPDxYIHwQFH2h0dHBzOi8vam9icy5zb2JleXNjYXJlZXJzLmNvbS8fBQUQRW1wbG95ZWUgV2Vic2l0ZR8DBRBFbXBsb3llZSBXZWJzaXRlHxMFBl9ibGFua2RkAgQPZBYCAgEPZBYEAgEPFgIfAwUTQWJvdXQgVGhyaWZ0eSBGb29kc2QCAw8UKwACDxYEHw9nHwICBmRkFgJmD2QWDAIBD2QWAgIBDw8WCB8EBQkvYWJvdXQtdXMfBWUfAwUIQWJvdXQgVXMfE2VkZAICD2QWAgIBDw8WCB8EBQovY29tbXVuaXR5HwVlHwMFCUNvbW11bml0eR8TZWRkAgMPZBYCAgEPDxYIHwQFEi9jb21tdW5pdHkvc2VuZGlhbB8FZR8DBQdTZW5kaWFsHxNlZGQCBA9kFgICAQ8PFggfBAUaL2Fib3V0LXVzL3Byb2R1Y3RzLXdlLWxvdmUfBWUfAwUQUHJvZHVjdHMgV2UgTG92ZR8TZWRkAgUPZBYCAgEPDxYIHwQFJS9jb21tdW5pdHkvc3BvbnNvcnNoaXBzLWFuZC1kb25hdGlvbnMfBWUfAwUJRG9uYXRpb25zHxNlZGQCBg9kFgICAQ8PFggfBAUUL2Fib3V0LXVzL21lZGlhLXJvb20fBWUfAwUKUHJlc3MgUm9vbR8TZWRkAgUPZBYCAgEPZBYEAgEPFgIfAwUQQ3VzdG9tZXIgU2VydmljZWQCAw8UKwACDxYEHw9nHwICBWRkFgJmD2QWCgIBD2QWAgIBDw8WCB8EBQgvY29udGFjdB8FZR8DBQpDb250YWN0IFVzHxNlZGQCAg9kFgICAQ8PFggfBAUOL3V0aWxpdGllcy9mYXEfBWUfAwUDRkFRHxNlZGQCAw9kFgICAQ8PFggfBAUZL3V0aWxpdGllcy9wcml2YWN5LXBvbGljeR8FZR8DBQdQcml2YWN5HxNlZGQCBA9kFgICAQ8PFggfBAUXL3V0aWxpdGllcy90ZXJtcy1vZi11c2UfBQUMVGVybXMgb2YgVXNlHwMFDFRlcm1zIG9mIFVzZR8TZWRkAgUPZBYCAgEPDxYIHwQFEi91dGlsaXRpZXMvcmVjYWxscx8FZR8DBQdSZWNhbGxzHxNlZGQCEQ8WAh8DBZ4FQ29weXJpZ2h0IMKpIDIwMjAgU29iZXlzIEluYy4gJm5ic3A7PCEtLSBGYWNlYm9vayBQaXhlbCBDb2RlIC0tPjxzY3JpcHQ+IWZ1bmN0aW9uKGYsYixlLHYsbix0LHMpe2lmKGYuZmJxKXJldHVybjtuPWYuZmJxPWZ1bmN0aW9uKCl7bi5jYWxsTWV0aG9kP24uY2FsbE1ldGhvZC5hcHBseShuLGFyZ3VtZW50cyk6bi5xdWV1ZS5wdXNoKGFyZ3VtZW50cyl9O2lmKCFmLl9mYnEpZi5fZmJxPW47bi5wdXNoPW47bi5sb2FkZWQ9ITA7bi52ZXJzaW9uPScyLjAnO24ucXVldWU9W107dD1iLmNyZWF0ZUVsZW1lbnQoZSk7dC5hc3luYz0hMDt0LnNyYz12O3M9Yi5nZXRFbGVtZW50c0J5VGFnTmFtZShlKVswXTtzLnBhcmVudE5vZGUuaW5zZXJ0QmVmb3JlKHQscyl9KHdpbmRvdyxkb2N1bWVudCwnc2NyaXB0JywnaHR0cHM6Ly9jb25uZWN0LmZhY2Vib29rLm5ldC9lbl9VUy9mYmV2ZW50cy5qcycpO2ZicSgnaW5pdCcsICc1MzI4MjI4NjM3MTg4MTcnKTsgZmJxKCd0cmFjaycsICdQYWdlVmlldycpOzwvc2NyaXB0Pjxub3NjcmlwdD48aW1nIGhlaWdodD0iMSIgd2lkdGg9IjEiIHNyYz0iaHR0cHM6Ly93d3cuZmFjZWJvb2suY29tL3RyP2lkPTUzMjgyMjg2MzcxODgxNyZldj1QYWdlVmlldyZub3NjcmlwdD0xIi8+PC9ub3NjcmlwdD48IS0tIEVuZCBGYWNlYm9vayBQaXhlbCBDb2RlIC0tPmQCEw8UKwACDxYEHw9nHwJmZGRkAgsPZBYEAgIPZBYCAgUPZBYEAgUPDxYCHwQFLi9teS1hY2NvdW50L2xvZ2luP2l0ZW09JTJmc2hvcC1vbmxpbmUlMmZmcm96ZW5kZAIHDw8WAh8EBR4vbXktYWNjb3VudC9jcmVhdGUvMV9iYXNpY2luZm9kZAIED2QWBgIFDw8WAh8EBUQvdXRpbGl0aWVzL3N0b3JlLWFuZC10aW1lLXNsb3Qtc2VsZWN0b3I/aXRlbT0lMmZzaG9wLW9ubGluZSUyZmZyb3plbmRkAg0PDxYCHwQFRC91dGlsaXRpZXMvc3RvcmUtYW5kLXRpbWUtc2xvdC1zZWxlY3Rvcj9pdGVtPSUyZnNob3Atb25saW5lJTJmZnJvemVuZGQCDw8PFgIfBAVEL3V0aWxpdGllcy9zdG9yZS1hbmQtdGltZS1zbG90LXNlbGVjdG9yP2l0ZW09JTJmc2hvcC1vbmxpbmUlMmZmcm96ZW5kZAIRD2QWBAIFDw8WBB8RBR1qcy1saXN0LWV4aXN0aW5nLXBhbmVsIGhpZGRlbh8SAgJkFgICAw8UKwACDxYEHw9nHwJmZGRkAgkPFgIfCwUMRW50ZXIgYSBuYW1lZAIHD2QWAgIFDw8WAh8EBSEvdXRpbGl0aWVzL3ByaXZhY3ktcG9saWN5I2Nvb2tpZXNkZBgSBRFmb290ZXJfMCRUb3BMaW5rcw88KwAOAwhmDGYNAv////8PZAVsYm9keV8wJG1haW5fMSRQcm9kdWN0U2VhcmNoJEdyb2NlcnlCcm93c2luZyRUZW1wbGF0ZVJlc3VsdCRQYXN0UHVyY2hhc2VkUHJvZHVjdHMkR3JvY2VyeUxpc3RDb250cm9sJExpbmtMaXN0D2dkBTdmb290ZXJfMCRMaW5rQ2F0ZWdvcmllcyRjdHJsMCRMaW5rQ2F0ZWdvcnlDb250cm9sJExpbmtzDxQrAA5kZGRkZGRkPCsABQACBWRkZGYC/////w9kBR5fX0NvbnRyb2xzUmVxdWlyZVBvc3RCYWNrS2V5X18WBQU0Ym9keV8wJExlZnRTaWRlTWVudSRTaG9wQnlScHQkY3RsMDAkQXBwbHlGaWx0ZXJDaGVjawU0Ym9keV8wJExlZnRTaWRlTWVudSRTaG9wQnlScHQkY3RsMDEkQXBwbHlGaWx0ZXJDaGVjawU0Ym9keV8wJExlZnRTaWRlTWVudSRTaG9wQnlScHQkY3RsMDIkQXBwbHlGaWx0ZXJDaGVjawU0Ym9keV8wJExlZnRTaWRlTWVudSRTaG9wQnlScHQkY3RsMDMkQXBwbHlGaWx0ZXJDaGVjawU0Ym9keV8wJExlZnRTaWRlTWVudSRTaG9wQnlScHQkY3RsMDQkQXBwbHlGaWx0ZXJDaGVjawVPYm9keV8wJG1haW5fMSRQcm9kdWN0U2VhcmNoJEdyb2NlcnlCcm93c2luZyRUZW1wbGF0ZVJlc3VsdCRTZWFyY2hSZXN1bHRMaXN0Vmlldw8UKwAOZGRkAgVkZGQ8KwAUAAIUZGRkZgL/////D2QFMkFkZFRvU2hvcHBpbmdMaXN0Q29udHJvbCREZGxBdmFpbGFibGVTaG9wcGluZ0xpc3RzDzwrAA4DCGYMZg0C/////w9kBRdmb290ZXJfMCRMaW5rQ2F0ZWdvcmllcw8UKwAOZGRkZGRkZDwrAAUAAgVkZGRmAv////8PZAU3Zm9vdGVyXzAkTGlua0NhdGVnb3JpZXMkY3RybDMkTGlua0NhdGVnb3J5Q29udHJvbCRMaW5rcw8UKwAOZGRkZGRkZDwrAAYAAgZkZGRmAv////8PZAUpYm9keV8wJG1haW5fMiRHcm9jZXJ5TGlzdENvbnRyb2wkTGlua0xpc3QPZ2QFcGJvZHlfMCRtYWluXzEkUHJvZHVjdFNlYXJjaCRHcm9jZXJ5QnJvd3NpbmckVGVtcGxhdGVSZXN1bHQkUGFzdFB1cmNoYXNlZFByb2R1Y3RzJEdyb2NlcnlMaXN0Q29udHJvbCRHcm9jZXJ5SXRlbXMPZ2QFJWJvZHlfMCRCcmVhZGNydW1iJEJyZWFkY3J1bWJJdGVtc0xpc3QPFCsADmRkZGRkZGQ8KwAEAAIEZGRkZgL/////D2QFFGZvb3Rlcl8wJFNvY2lhbExpbmtzDxQrAA5kZGRkZGRkPCsABQACBWRkZGYC/////w9kBS1ib2R5XzAkbWFpbl8yJEdyb2NlcnlMaXN0Q29udHJvbCRHcm9jZXJ5SXRlbXMPZ2QFN2Zvb3Rlcl8wJExpbmtDYXRlZ29yaWVzJGN0cmw0JExpbmtDYXRlZ29yeUNvbnRyb2wkTGlua3MPFCsADmRkZGRkZGQ8KwAFAAIFZGRkZgL/////D2QFEWhlYWRlcl8wJE5vZGVMaXN0D2dkBR1mb290ZXJfMCRUaHJpZnR5VG9wUmlnaHRMaW5rcw8UKwAOZGRkZGRkZBQrAAJkZAICZGRkZgL/////D2QFN2Zvb3Rlcl8wJExpbmtDYXRlZ29yaWVzJGN0cmwyJExpbmtDYXRlZ29yeUNvbnRyb2wkTGlua3MPFCsADmRkZGRkZGQ8KwAEAAIEZGRkZgL/////D2QFN2Zvb3Rlcl8wJExpbmtDYXRlZ29yaWVzJGN0cmwxJExpbmtDYXRlZ29yeUNvbnRyb2wkTGlua3MPFCsADmRkZGRkZGQ8KwAHAAIHZGRkZgL/////D2QavoA15TY5zhTv3qgyNZ+kNvyteg==" />
</div>

<script type="text/javascript">
//<![CDATA[
var theForm = document.forms['mainform'];
if (!theForm) {
    theForm = document.mainform;
}
function __doPostBack(eventTarget, eventArgument) {
    if (!theForm.onsubmit || (theForm.onsubmit() != false)) {
        theForm.__EVENTTARGET.value = eventTarget;
        theForm.__EVENTARGUMENT.value = eventArgument;
        theForm.submit();
    }
}
//]]>
</script>


<div class="aspNetHidden">

	<input type="hidden" name="__VIEWSTATEGENERATOR" id="__VIEWSTATEGENERATOR" value="C4A9C684" />
</div>

		<div class="wrapper js-wrapper">
			

<header class="main-header  js-geolocation">
    <div class="sps sps--abv sps--logo">
        <div class="restraint">
            <a id="header_0_HomeLink" title="Thrifty Foods" class="logo" href="/">
                <!-- Logo (Desk)-->
                 <img id="header_0_SmallLogoLink" class="logo__img palm--hide portable--hide" src="https://az870929.vo.msecnd.net/cdn/media/data/logos/logo-small.ashx" alt="Thrifty Foods" />
                <!-- Logo (Portable)-->
                <img id="header_0_LargeLogoLink" class="logo__img desk--hide palm--hide" src="https://az870929.vo.msecnd.net/cdn/media/data/logos/logo-large.ashx" alt="Thrifty Foods" />
                <!-- Logo (Palm)-->
                <img id="header_0_MobileLogoImage" class="logo__img desk--hide portable--hide" src="https://az870929.vo.msecnd.net/cdn/media/data/logos/logo-mobile.ashx" alt="Thrifty Foods" /></a>
        </div>
    </div>
    <div class="secondary-nav sps sps--abv">
        <div class="restraint">
            <nav>
                <div class="text--left">
                    <!-- Customer Service Number -->
                    <span class="secondary-nav__customer-service palm--hide portable--hide">
                        Customer Care
                        <span class="secondary-nav__tel">
                            1-800-667-8280</span>
                    </span>
                    <ul>
                        <!-- Menu (Desk) -->
                        <li class="secondary-nav__item secondary-nav__grid-btn rollout-menu__container palm--hide portable--hide">
                            <span class="secondary-nav__link">
                                <span class="icon icon--icomoon-grid icon--medium"></span>
                            </span>
                            <div class="store-detail rollout-menu rollout-menu--left">
                                
<ul>
    
            <li class="rollout-menu__item">
                <a class="rollout-menu__link" href="/find-a-store">Store Hours</a>
            </li>
        
            <li class="rollout-menu__item">
                <a class="rollout-menu__link" href="/our-services/entertaining-trays">Entertaining Trays</a>
            </li>
        
            <li class="rollout-menu__item">
                <a class="rollout-menu__link" href="/community/sendial">Sendial</a>
            </li>
        
            <li class="rollout-menu__item">
                <a class="rollout-menu__link" href="/community/smile-card-fundraising-program">Smile Cards</a>
            </li>
        
            <li class="rollout-menu__item">
                <a class="rollout-menu__link" href="/career">Careers</a>
            </li>
        
            <li class="rollout-menu__item">
                <a class="rollout-menu__link" href="/utilities/faq">FAQ</a>
            </li>
        
</ul>

                        
                            </div>
                        </li>
                        <!-- Menu (Palm and portable) -->
                        <li class="secondary-nav__item secondary-nav__grid-btn desk--hide">
                            <a id="header_0_MobileMenuLink" href="#main-nav" class="secondary-nav__link js-element-toggler" title="Menu">
                                <span class="icon icon--menu"></span>
                            </a>
                        </li>
                        <!-- My Store (Palm and Portable) -->
                        <li class="secondary-nav__item secondary-nav__store-btn desk--hide">
                            <a id="header_0_MobileMyStoreLink" class="secondary-nav__link js-tutorial-header-storebtn-tablet" title="My store" href="/find-a-store">
                                <span class="icon icon--icomoon-store icon--medium"></span>
                            </a>
                        </li>
                    </ul>
                </div>
                <div class="text--right">
                    <ul class="nav">
                        <!-- My Store (Desk)-->
                        <li class="secondary-nav__item rollout-menu__container palm--hide portable--hide">
                            <a id="header_0_HeaderStore_StoreDetailsPage" class="secondary-nav__link js-tutorial-header-storebtn" href="/find-a-store" style="overflow:visible;">
    <span class="icon icon--icomoon-store icon--medium"></span>
    <span id="header_0_HeaderStore_DefaultSelectStore">
        Select a store
    </span>
    <span id="store-name-literal" class="truncate">
        
    </span>
</a>
<div id="header_0_HeaderStore_StoreDetailMenu" class="hide-if-default"> 
    <div id="store-detail-header" class="store-detail rollout-menu rollout-menu--store-detail">
        <div class="store-detail__address rollout-menu__item">
            <ul>
                <li>
                    <span id="header_0_HeaderStore_StoreAddressLine1"></span>
                    <span id="header_0_HeaderStore_StoreAddressLine2"></span>
                </li>
                <li>
                    <span id="header_0_HeaderStore_StoreAddressCity"></span>,
                    <span id="header_0_HeaderStore_StoreAddressProvince"></span>,
                    <span id="header_0_HeaderStore_StoreAddressPostalCode"></span>
                </li>
            </ul>
            <a id="header_0_HeaderStore_ChangeStore" class="text--underlined">Change Store</a>
            <a id="header_0_HeaderStore_ViewServicesPage" class="text--underlined push--left" href="/find-a-store">View Store Services</a>
        </div>
        <div class="store-detail__hours rollout-menu__item">
            <p class="flush">
                <strong>
                    Opening Hours:</strong><br />
                <span id="opening-hours-literal">
                    
                </span>
            </p>
        </div>
        <div class="store-detail__timeslot rollout-menu__item">
            

<div data-bind="'with': mvCart">
    <div data-bind="'if': Data.IsTimeSlotSet">
        <p>
            
            <strong>
                Selected Time Slot:</strong><br />
            <span data-bind="'text': Data.FormattedTimeSlot"></span>
        </p>
        <a id="header_0_HeaderStore_HeaderScheduleControl_ChangeTimeSlot" class="text--underlined" href="/utilities/store-and-time-slot-selector?item=%2fshop-online%2ffrozen">Change Time Slot</a>
    </div>
    <div data-bind="'ifnot': Data.IsTimeSlotSet">
        <a id="header_0_HeaderStore_HeaderScheduleControl_SelectTimeSlot" class="text--underlined" href="/utilities/store-and-time-slot-selector?item=%2fshop-online%2ffrozen">Select a Time Slot</a>
    </div>
</div>

        </div>
    </div>
</div>

                        </li>
                        <!-- Shopping Lists (Desk)-->
                        <li class="secondary-nav__item rollout-menu__container js-shopping-nav palm--hide portable--hide">
                            <a id="header_0_ctl03_ShoppingListsMenuLink" class="secondary-nav__link js-tutorial-header-activelistbtn" href="/my-account/login">
    <span class="icon icon--medium icon--icomoon-list"></span><span class="js-shopping-title">Select a shopping list</span>    
</a>



                        </li>
                        <!-- My Account (Desk)-->
                        <li class="secondary-nav__item rollout-menu__container palm--hide portable--hide">
                            <a id="header_0_LoginLink" title="Sign In" class="secondary-nav__link js-tutorial-header-myaccountbtn" data-qa="header-login-link" href="/my-account/login">                                
                                    <span class="icon icon--icomoon-user icon--medium"></span>My Account</a>
                            
                        </li>
                        
                        <!-- search (Portable) -->
                        <li class="secondary-nav__item desk--hide js-nav-search">
                            <a href="../SubLayouts/Sobeys/Global/#" id="header_0_MobileSearchLink" class="secondary-nav__link">
                                <span class="icon icon--medium icon--icomoon-search"></span>
                            </a>
                        </li>
                        <!-- Shopping Lists (Portable) -->
                        <li class="secondary-nav__item palm--hide desk--hide">
                            <a id="header_0_MobileMyListsLink" class="secondary-nav__link" title="Select a shopping list" href="/my-account/login">
                                <span class="icon icon--medium icon--icomoon-list"></span>
                            </a>
                        </li>
                        <!-- Cart (Palm and Portable) -->
                        <li class="secondary-nav__item desk--hide">
                            <a id="header_0_MobileCartLink" class="secondary-nav__link" title="Cart" href="/orders/shoppingcart">
                                <span class="icon icon--icomoon-cart icon--medium"></span>
                            </a>
                        </li>
                        <!-- My Account (Palm and Portable)-->
                        <li class="secondary-nav__item desk--hide">
                            <a id="header_0_MobileAccountLink" class="secondary-nav__link js-tutorial-header-myaccountbtn-tablet" title="Account" href="/my-account/dashboard">
                                        <span class="icon icon--icomoon-user icon--medium"></span>
                                </a>
                        </li>
                    </ul>
                </div>
            </nav>
        </div>
    </div>

    <div class="section sps sps--abv sps--nav">
        <div class="restraint">
            <div class="grid  grid--right">
                <div class="grid__item desk--five-sixths desk--push-half--top sps--search--cart">
                    <div class="grid grid--middle">
                        <div class="grid__item  desk--four-fifths js-nav-search-target palm--hide portable--hide">
                            <!-- Search (Desk and Portable)-->
                            

<div class="search-box js-search-box js-typeahead" id="search-box">
    <div class="dropdown  float--left  js-search-within  layer-1">
         <a id="header_0_SearchBox_SearchWithinLink" title="Search Within:" class="dropdown__cta  js-search-box-cta  layer-2" role="combobox" aria-expanded="false" href="../Controls/Search/#">
            <span class="js-search-box-cta-text">All</span>
        </a>
        <fieldset role="radiogroup" aria-label="group-label" class="dropdown__content layer-1">
            
                    <div role="combobox" aria-expanded="false" tabindex ="-1" >
                        <input type="radio" id="ResultTypeRadio0" data-content-type-name='1' name="ResultTypeRadio"  checked="checked"  value='{D9CE4CBE-C8C3-4203-A58B-7CF7B830880E}'></input>     
                        <label for="ResultTypeRadio0" class="dropdown__cta-item">All</label>
                    </div>
                
                    <div role="combobox" aria-expanded="false" tabindex ="0" >
                        <input type="radio" id="ResultTypeRadio1" data-content-type-name='2' name="ResultTypeRadio"  value='{14A91276-40BA-49D5-940D-3692DE3DC381}'></input>     
                        <label for="ResultTypeRadio1" class="dropdown__cta-item">Products</label>
                    </div>
                
                    <div role="combobox" aria-expanded="false" tabindex ="0" >
                        <input type="radio" id="ResultTypeRadio2" data-content-type-name='3' name="ResultTypeRadio"  value='{1A561499-DF44-4147-B4DD-7AB789834895}'></input>     
                        <label for="ResultTypeRadio2" class="dropdown__cta-item">Recipes</label>
                    </div>
                
                    <div role="combobox" aria-expanded="false" tabindex ="0" >
                        <input type="radio" id="ResultTypeRadio3" data-content-type-name='4' name="ResultTypeRadio"  value='{C252D2A1-6555-4005-BFB1-CD5B5A4316A3}'></input>     
                        <label for="ResultTypeRadio3" class="dropdown__cta-item">Articles</label>
                    </div>
                
        </fieldset>
    </div>
    <div class="search-box__input">
        <input name="header_0$SearchBox$TxtSearchKeywords" type="text" maxlength="255" id="header_0_SearchBox_TxtSearchKeywords" title="Enter your search keywords here." class="js-typeahead-field  js-search-field  search-field" data-parsley-excluded="" autocomplete="off" aria-label="Search" />
        <button id="header_0_SearchBox_BtnSearch" class="search-box__button js-ga-searchBoxButton" disabled="disabled" title="Search">
            <span class="icn icn-search icn--medium"></span><span class="visuallyhidden">Search</span>
        </button>
    </div>
</div> 
                        </div>
                        <div class="grid__item one-fifth text--right palm--hide portable--hide">
                            <!-- Cart (Desk)-->
                            

<span data-bind="'with': mvCart" class="mini-cart item item--cart js-using-cart">
    <a id="header_0_ShoppingCartButton_LnkShoppingCart" class="cf" href="/orders/shoppingcart">
        <span class="mini-cart__label text--small">
            Cart
        </span>
        <span class="mini-cart__icon icon  icon--icomoon-cart icon--medium"  role="presentation" aria-hidden="true" data-bind="'css': { 'icon--warning': PropertyBag.ShoppingCartErrorMessage() != '', 'icon--icomoon-cart': PropertyBag.ShoppingCartErrorMessage() == '' }, 'attr': { 'title': PropertyBag.ShoppingCartErrorMessage }"></span>
        <span class="mini-cart__amount text--smaller">
            <span data-bind="'text': Data.FormattedItemsCount" class="js-cart-quantity"></span>
            <span class="js-cart-subtotal" data-bind="'text': Data.FormattedSubtotal, 'visible': Data.FormattedSubtotal().length > 0" ></span>
            <span data-bind="'visible': Data.FormattedSubtotal().length == 0">
                $0.00
            </span>
        </span>
    </a>
</span>

                        </div>
                    </div>
                </div>
                <nav class="main-nav js-nav-target" id="main-nav">
                    <!-- Navigation -->
                    
        <ul class="nav nav--main js-main-nav text--left sps--ul">
            
        
        

<li class="">
    <a id="header_0_ctl07_MenuItemList_SubMenuRegularMenu_0_LandingPageLink_0" href="/weekly-flyer">Flyer</a>

    <div class="main-nav__submenu-wrapper js-main-nav-sub">
        
    </div>
</li>

    
        
        

<li class="">
    <a id="header_0_ctl07_MenuItemList_SubMenuRegularMenu_1_LandingPageLink_1" href="/shop-online">Shop Online</a>

    <div class="main-nav__submenu-wrapper js-main-nav-sub">
        <div class="main-nav__submenu  cf  portable--hide">
	
            
                    
                    <div class="main-nav__col">
                        <ul class="main-nav__item-list">
                            
                    <li class="main-nav__item">
                        <a id="header_0_ctl07_MenuItemList_SubMenuRegularMenu_1_LeafList_1_ctrl0_1_LeafLink_0" class="main-nav__link" href="/shop-online/browse/gluten-free">Gluten Free</a>
                    </li>
                
                    <li class="main-nav__item">
                        <a id="header_0_ctl07_MenuItemList_SubMenuRegularMenu_1_LeafList_1_ctrl0_1_LeafLink_1" class="main-nav__link" href="/shop-online/browse/in-flyer">In Flyer</a>
                    </li>
                
                    <li class="main-nav__item">
                        <a id="header_0_ctl07_MenuItemList_SubMenuRegularMenu_1_LeafList_1_ctrl0_1_LeafLink_2" class="main-nav__link" href="/shop-online/browse/new-product">New Product</a>
                    </li>
                
                    <li class="main-nav__item">
                        <a id="header_0_ctl07_MenuItemList_SubMenuRegularMenu_1_LeafList_1_ctrl0_1_LeafLink_3" class="main-nav__link" href="/shop-online/bakery-commercial">Bakery (Commercial)</a>
                    </li>
                
                    <li class="main-nav__item">
                        <a id="header_0_ctl07_MenuItemList_SubMenuRegularMenu_1_LeafList_1_ctrl0_1_LeafLink_4" class="main-nav__link" href="/shop-online/bakery-instore">Bakery (Instore)</a>
                    </li>
                
                    <li class="main-nav__item">
                        <a id="header_0_ctl07_MenuItemList_SubMenuRegularMenu_1_LeafList_1_ctrl0_1_LeafLink_5" class="main-nav__link" href="/shop-online/bulk-foods">Bulk Foods</a>
                    </li>
                
                        </ul>
                    </div>
                
                    <div class="main-nav__col">
                        <ul class="main-nav__item-list">
                            
                    <li class="main-nav__item">
                        <a id="header_0_ctl07_MenuItemList_SubMenuRegularMenu_1_LeafList_1_ctrl1_1_LeafLink_6" class="main-nav__link" href="/shop-online/deli">Deli</a>
                    </li>
                
                    <li class="main-nav__item">
                        <a id="header_0_ctl07_MenuItemList_SubMenuRegularMenu_1_LeafList_1_ctrl1_1_LeafLink_7" class="main-nav__link" href="/shop-online/floral">Floral</a>
                    </li>
                
                    <li class="main-nav__item">
                        <a id="header_0_ctl07_MenuItemList_SubMenuRegularMenu_1_LeafList_1_ctrl1_1_LeafLink_8" class="main-nav__link" href="/shop-online/frozen">Frozen</a>
                    </li>
                
                    <li class="main-nav__item">
                        <a id="header_0_ctl07_MenuItemList_SubMenuRegularMenu_1_LeafList_1_ctrl1_1_LeafLink_9" class="main-nav__link" href="/shop-online/general-merchandise">General Merchandise</a>
                    </li>
                
                    <li class="main-nav__item">
                        <a id="header_0_ctl07_MenuItemList_SubMenuRegularMenu_1_LeafList_1_ctrl1_1_LeafLink_10" class="main-nav__link" href="/shop-online/grocery">Grocery</a>
                    </li>
                
                    <li class="main-nav__item">
                        <a id="header_0_ctl07_MenuItemList_SubMenuRegularMenu_1_LeafList_1_ctrl1_1_LeafLink_11" class="main-nav__link" href="/shop-online/health-and-beauty">Health & Beauty</a>
                    </li>
                
                        </ul>
                    </div>
                
                    <div class="main-nav__col">
                        <ul class="main-nav__item-list">
                            
                    <li class="main-nav__item">
                        <a id="header_0_ctl07_MenuItemList_SubMenuRegularMenu_1_LeafList_1_ctrl2_1_LeafLink_12" class="main-nav__link" href="/shop-online/magazines">Magazines</a>
                    </li>
                
                    <li class="main-nav__item">
                        <a id="header_0_ctl07_MenuItemList_SubMenuRegularMenu_1_LeafList_1_ctrl2_1_LeafLink_13" class="main-nav__link" href="/shop-online/meat">Meat</a>
                    </li>
                
                    <li class="main-nav__item">
                        <a id="header_0_ctl07_MenuItemList_SubMenuRegularMenu_1_LeafList_1_ctrl2_1_LeafLink_14" class="main-nav__link" href="/shop-online/produce">Produce</a>
                    </li>
                
                    <li class="main-nav__item">
                        <a id="header_0_ctl07_MenuItemList_SubMenuRegularMenu_1_LeafList_1_ctrl2_1_LeafLink_15" class="main-nav__link" href="/shop-online/refrigerated-grocery">Refrigerated Grocery</a>
                    </li>
                
                    <li class="main-nav__item">
                        <a id="header_0_ctl07_MenuItemList_SubMenuRegularMenu_1_LeafList_1_ctrl2_1_LeafLink_16" class="main-nav__link" href="/shop-online/seafood">Seafood</a>
                    </li>
                
                    <li class="main-nav__item">
                        <a id="header_0_ctl07_MenuItemList_SubMenuRegularMenu_1_LeafList_1_ctrl2_1_LeafLink_17" class="main-nav__link" href="/shop-online/sushi">Sushi</a>
                    </li>
                
                        </ul>
                    </div>
                
                    <div class="main-nav__col">
                        <ul class="main-nav__item-list">
                            
                    <li class="main-nav__item">
                        <a id="header_0_ctl07_MenuItemList_SubMenuRegularMenu_1_LeafList_1_ctrl3_1_LeafLink_18" class="main-nav__link" href="/shop-online/take-it-to-go">Take It To Go</a>
                    </li>
                
                    <li class="main-nav__item">
                        <a id="header_0_ctl07_MenuItemList_SubMenuRegularMenu_1_LeafList_1_ctrl3_1_LeafLink_19" class="main-nav__link" href="/shop-online/vitamins-and-more">Vitamins & More</a>
                    </li>
                
                        </ul>
                    </div>
                
                

            
        
</div>
    </div>
</li>

    
        
        

<li class="">
    <a id="header_0_ctl07_MenuItemList_SubMenuRegularMenu_2_LandingPageLink_2" href="/recipes">Recipes</a>

    <div class="main-nav__submenu-wrapper js-main-nav-sub">
        <div class="main-nav__submenu  cf  portable--hide">
	
            
                    
                    <div class="main-nav__col">
                        <ul class="main-nav__item-list">
                            
                    <li class="main-nav__item">
                        <a id="header_0_ctl07_MenuItemList_SubMenuRegularMenu_2_LeafList_2_ctrl0_2_LeafLink_0" class="main-nav__link" href="/search?t=%7B1A561499-DF44-4147-B4DD-7AB789834895%7D&amp;fq=type_of_dish%3A813A6945B3C14F26B2753C02E1FD33E0">Appetizers</a>
                    </li>
                
                    <li class="main-nav__item">
                        <a id="header_0_ctl07_MenuItemList_SubMenuRegularMenu_2_LeafList_2_ctrl0_2_LeafLink_1" class="main-nav__link" href="/search?t=%7B1A561499-DF44-4147-B4DD-7AB789834895%7D&amp;fq=type_of_dish%3ACA7FE9A9958143D3AA0015843E855178">Beverages</a>
                    </li>
                
                    <li class="main-nav__item">
                        <a id="header_0_ctl07_MenuItemList_SubMenuRegularMenu_2_LeafList_2_ctrl0_2_LeafLink_2" class="main-nav__link" href="/search?t=%7B1A561499-DF44-4147-B4DD-7AB789834895%7D&amp;fq=type_of_dish%3A9B0B2E65233B4F6D91FC2D4828872506">Breakfast</a>
                    </li>
                
                    <li class="main-nav__item">
                        <a id="header_0_ctl07_MenuItemList_SubMenuRegularMenu_2_LeafList_2_ctrl0_2_LeafLink_3" class="main-nav__link" href="/search?t=%7B1A561499-DF44-4147-B4DD-7AB789834895%7D&amp;fq=type_of_dish%3A873703707578482FB09502277C0B055C">Dinner</a>
                    </li>
                
                    <li class="main-nav__item">
                        <a id="header_0_ctl07_MenuItemList_SubMenuRegularMenu_2_LeafList_2_ctrl0_2_LeafLink_4" class="main-nav__link" href="/search?t=%7B1A561499-DF44-4147-B4DD-7AB789834895%7D&amp;fq=type_of_dish%3A65094DE702DD4D2A82488AEE39CEE300">Desserts</a>
                    </li>
                
                    <li class="main-nav__item">
                        <a id="header_0_ctl07_MenuItemList_SubMenuRegularMenu_2_LeafList_2_ctrl0_2_LeafLink_5" class="main-nav__link" href="/search?t=%7B1A561499-DF44-4147-B4DD-7AB789834895%7D&amp;fq=type_of_dish%3AC393EB50337C449EA8F33FA08AC93980">Salads</a>
                    </li>
                
                        </ul>
                    </div>
                
                    <div class="main-nav__col">
                        <ul class="main-nav__item-list">
                            
                    <li class="main-nav__item">
                        <a id="header_0_ctl07_MenuItemList_SubMenuRegularMenu_2_LeafList_2_ctrl1_2_LeafLink_6" class="main-nav__link" href="/search?t=%7B1A561499-DF44-4147-B4DD-7AB789834895%7D&amp;fq=type_of_dish%3A1A39F67F5CEE4B37BFA6B1A50BDE6042">Dressings, Dips & Sauces</a>
                    </li>
                
                    <li class="main-nav__item">
                        <a id="header_0_ctl07_MenuItemList_SubMenuRegularMenu_2_LeafList_2_ctrl1_2_LeafLink_7" class="main-nav__link" href="/search?t=%7B1A561499-DF44-4147-B4DD-7AB789834895%7D&amp;fq=type_of_dish%3ACC9577196315453FAEB8AA0503300ABF">Soups</a>
                    </li>
                
                    <li class="main-nav__item">
                        <a id="header_0_ctl07_MenuItemList_SubMenuRegularMenu_2_LeafList_2_ctrl1_2_LeafLink_8" class="main-nav__link" href="/search?t=%7B1A561499-DF44-4147-B4DD-7AB789834895%7D&amp;fq=type_of_dish%3A209A1E7E9F6240C99855B2E664F5609D">Lunch</a>
                    </li>
                
                    <li class="main-nav__item">
                        <a id="header_0_ctl07_MenuItemList_SubMenuRegularMenu_2_LeafList_2_ctrl1_2_LeafLink_9" class="main-nav__link" href="/search?t=%7B1A561499-DF44-4147-B4DD-7AB789834895%7D&amp;fq=type_of_dish%3A29E3B1C263FF4AC7A9E1A294892EF39D">Sides</a>
                    </li>
                
                    <li class="main-nav__item">
                        <a id="header_0_ctl07_MenuItemList_SubMenuRegularMenu_2_LeafList_2_ctrl1_2_LeafLink_10" class="main-nav__link" href="/search?t=%7B1A561499-DF44-4147-B4DD-7AB789834895%7D&amp;fq=type_of_dish%3A7C9C025C126D4B99BC22673BBDDDF392">Snacks</a>
                    </li>
                
                        </ul>
                    </div>
                
                

            
                    <div class="main-nav__col  main-nav__col--thumbnail">
                        <a id="header_0_ctl07_MenuItemList_SubMenuRegularMenu_2_FeaturedContentList_2_LandingPageLink_0" href="/recipes/recipes/classic-butter-tarts"><img id="header_0_ctl07_MenuItemList_SubMenuRegularMenu_2_FeaturedContentList_2_FeaturedImage_0" class="fluid" Alt="" src="https://az870929.vo.msecnd.net/cdn/media/home/recipes/navigation-featured-recipes/classicbuttertarts.ashx?mw=160&amp;hash=35D5956A8F42E696E4266DA6E6B5131399D0370D" />
                            <span class="main-nav__legend">
                                Classic Butter Tarts
                            </span>
                        </a>
                    </div>
                
        
</div>
    </div>
</li>

    
        
        

<li class="sps--nav-hide">
    <a id="header_0_ctl07_MenuItemList_SubMenuRegularMenu_3_LandingPageLink_3" href="/our-services">Our Services</a>

    <div class="main-nav__submenu-wrapper js-main-nav-sub">
        <div class="main-nav__submenu  cf  portable--hide">
	
            
                    
                    <div class="main-nav__col">
                        <ul class="main-nav__item-list">
                            
                    <li class="main-nav__item">
                        <a id="header_0_ctl07_MenuItemList_SubMenuRegularMenu_3_LeafList_3_ctrl0_3_LeafLink_0" class="main-nav__link" href="/our-services/vivo-knives">vivo Knives</a>
                    </li>
                
                    <li class="main-nav__item">
                        <a id="header_0_ctl07_MenuItemList_SubMenuRegularMenu_3_LeafList_3_ctrl0_3_LeafLink_1" class="main-nav__link" href="/our-services/entertaining-trays">Entertaining Trays</a>
                    </li>
                
                    <li class="main-nav__item">
                        <a id="header_0_ctl07_MenuItemList_SubMenuRegularMenu_3_LeafList_3_ctrl0_3_LeafLink_2" class="main-nav__link" href="/our-services/gift-cards-,-a-,-baskets">Gift Cards & Baskets</a>
                    </li>
                
                    <li class="main-nav__item">
                        <a id="header_0_ctl07_MenuItemList_SubMenuRegularMenu_3_LeafList_3_ctrl0_3_LeafLink_3" class="main-nav__link" href="/our-services/flowers-,-a-,-more">Flowers & More</a>
                    </li>
                
                    <li class="main-nav__item">
                        <a id="header_0_ctl07_MenuItemList_SubMenuRegularMenu_3_LeafList_3_ctrl0_3_LeafLink_4" class="main-nav__link" href="/our-services/how-tos">How To's</a>
                    </li>
                
                    <li class="main-nav__item">
                        <a id="header_0_ctl07_MenuItemList_SubMenuRegularMenu_3_LeafList_3_ctrl0_3_LeafLink_5" class="main-nav__link" href="/our-services/cakes">Cakes</a>
                    </li>
                
                        </ul>
                    </div>
                
                    <div class="main-nav__col">
                        <ul class="main-nav__item-list">
                            
                    <li class="main-nav__item">
                        <a id="header_0_ctl07_MenuItemList_SubMenuRegularMenu_3_LeafList_3_ctrl1_3_LeafLink_6" class="main-nav__link" href="/our-services/freshly-prepared-in-store">Freshly Prepared In-Store</a>
                    </li>
                
                    <li class="main-nav__item">
                        <a id="header_0_ctl07_MenuItemList_SubMenuRegularMenu_3_LeafList_3_ctrl1_3_LeafLink_7" class="main-nav__link" href="/our-services/in-store-shopping-delivery">In-Store Shopping Delivery</a>
                    </li>
                
                    <li class="main-nav__item">
                        <a id="header_0_ctl07_MenuItemList_SubMenuRegularMenu_3_LeafList_3_ctrl1_3_LeafLink_8" class="main-nav__link" href="/our-services/weddings">Weddings</a>
                    </li>
                
                    <li class="main-nav__item">
                        <a id="header_0_ctl07_MenuItemList_SubMenuRegularMenu_3_LeafList_3_ctrl1_3_LeafLink_9" class="main-nav__link" href="/our-services/mobile-app">Mobile App</a>
                    </li>
                
                        </ul>
                    </div>
                
                

            
        
</div>
    </div>
</li>

    
        
        

<li class="sps--nav-hide">
    <a id="header_0_ctl07_MenuItemList_SubMenuRegularMenu_4_LandingPageLink_4" href="/pharmacy-and-wellness">Pharmacy & Wellness</a>

    <div class="main-nav__submenu-wrapper js-main-nav-sub">
        <div class="main-nav__submenu  cf  portable--hide">
	
            
                    
                    <div class="main-nav__col">
                        <ul class="main-nav__item-list">
                            
                    <li class="main-nav__item">
                        <a id="header_0_ctl07_MenuItemList_SubMenuRegularMenu_4_LeafList_4_ctrl0_4_LeafLink_0" class="main-nav__link" href="/pharmacy-and-wellness/pharmacy/heart-beat">Heart Beat</a>
                    </li>
                
                    <li class="main-nav__item">
                        <a id="header_0_ctl07_MenuItemList_SubMenuRegularMenu_4_LeafList_4_ctrl0_4_LeafLink_1" class="main-nav__link" href="/pharmacy-and-wellness/pharmacy">Pharmacy</a>
                    </li>
                
                    <li class="main-nav__item">
                        <a id="header_0_ctl07_MenuItemList_SubMenuRegularMenu_4_LeafList_4_ctrl0_4_LeafLink_2" class="main-nav__link" href="/pharmacy-and-wellness/product-nutritional-information">Product Nutritional Information</a>
                    </li>
                
                    <li class="main-nav__item">
                        <a id="header_0_ctl07_MenuItemList_SubMenuRegularMenu_4_LeafList_4_ctrl0_4_LeafLink_3" class="main-nav__link" href="/pharmacy-and-wellness/living-gluten-free">Living Gluten Free</a>
                    </li>
                
                        </ul>
                    </div>
                
                

            
        
</div>
    </div>
</li>

    
        
        

<li class="sps--nav-hide">
    <a id="header_0_ctl07_MenuItemList_SubMenuRegularMenu_5_LandingPageLink_5" href="/community">Community</a>

    <div class="main-nav__submenu-wrapper js-main-nav-sub">
        <div class="main-nav__submenu  cf  portable--hide">
	
            
                    
                    <div class="main-nav__col">
                        <ul class="main-nav__item-list">
                            
                    <li class="main-nav__item">
                        <a id="header_0_ctl07_MenuItemList_SubMenuRegularMenu_5_LeafList_5_ctrl0_5_LeafLink_0" class="main-nav__link" href="/community/community-programs">Community Programs</a>
                    </li>
                
                    <li class="main-nav__item">
                        <a id="header_0_ctl07_MenuItemList_SubMenuRegularMenu_5_LeafList_5_ctrl0_5_LeafLink_1" class="main-nav__link" href="/community/sendial">Sendial Program</a>
                    </li>
                
                    <li class="main-nav__item">
                        <a id="header_0_ctl07_MenuItemList_SubMenuRegularMenu_5_LeafList_5_ctrl0_5_LeafLink_2" class="main-nav__link" href="/community/smile-card-fundraising-program">Smile Card Fundraising Program</a>
                    </li>
                
                    <li class="main-nav__item">
                        <a id="header_0_ctl07_MenuItemList_SubMenuRegularMenu_5_LeafList_5_ctrl0_5_LeafLink_3" class="main-nav__link" href="/community/sponsorships-and-donations">Sponsorships & Donations</a>
                    </li>
                
                        </ul>
                    </div>
                
                

            
        
</div>
    </div>
</li>

    
        
        

<li class="sps--nav-hide">
    <a id="header_0_ctl07_MenuItemList_SubMenuRegularMenu_6_LandingPageLink_6" href="/career">Careers</a>

    <div class="main-nav__submenu-wrapper js-main-nav-sub">
        
    </div>
</li>

    
        
        

<li class="sps--nav-hide">
    <a id="header_0_ctl07_MenuItemList_SubMenuRegularMenu_7_LandingPageLink_7" href="/contact">Contact Us</a>

    <div class="main-nav__submenu-wrapper js-main-nav-sub">
        <div class="main-nav__submenu  cf  portable--hide">
	
            
                    
                    <div class="main-nav__col">
                        <ul class="main-nav__item-list">
                            
                    <li class="main-nav__item">
                        <a id="header_0_ctl07_MenuItemList_SubMenuRegularMenu_7_LeafList_7_ctrl0_7_LeafLink_0" class="main-nav__link" href="/about-us">About Us</a>
                    </li>
                
                    <li class="main-nav__item">
                        <a id="header_0_ctl07_MenuItemList_SubMenuRegularMenu_7_LeafList_7_ctrl0_7_LeafLink_1" class="main-nav__link" href="/contact">Contact Us</a>
                    </li>
                
                    <li class="main-nav__item">
                        <a id="header_0_ctl07_MenuItemList_SubMenuRegularMenu_7_LeafList_7_ctrl0_7_LeafLink_2" class="main-nav__link" href="https://jobs.sobeyscareers.com/">Employee Website</a>
                    </li>
                
                    <li class="main-nav__item">
                        <a id="header_0_ctl07_MenuItemList_SubMenuRegularMenu_7_LeafList_7_ctrl0_7_LeafLink_3" class="main-nav__link" href="/about-us/media-room">Thrifty Foods Logos</a>
                    </li>
                
                    <li class="main-nav__item">
                        <a id="header_0_ctl07_MenuItemList_SubMenuRegularMenu_7_LeafList_7_ctrl0_7_LeafLink_4" class="main-nav__link" href="/contact/request-a-new-product">Request a New Product</a>
                    </li>
                
                        </ul>
                    </div>
                
                

            
        
</div>
    </div>
</li>

    
        </ul>
    

                    <div class="desk--hide">
                        <!-- Logout (Palm and Portable) -->
                        
                    </div>
                </nav>
            </div>
        </div>
    </div>
</header>






			<section class="section">
				<div class="section__content">
					

<div class="check-cookies hidden">
    <div class="grid grid--center">
        <div class="grid__item">
            <div class="warning-box">
                <div class="grid">
                    <div class="grid__item portable-up--one-twelfth"><div class="text--center"><span class="icon icon--larger icon--warning-circle"></span></div></div>
                    <div class="grid__item eleven-twelfths">
                        <h3 class="h4-like">Please enable cookies to be able to place your online grocery order</h3>
                        <p>If you refuse, you can still consult our product pages but you won’t be able to add product to your shopping cart. Once cookies are enabled, features such as: shopping cart, account creation, delivery and pickup will be made available to you.</p>
                    </div>
                </div>
            </div>
        </div>
    </div>
</div>
					

<div class="grid grid--center js-onlineGrocery">
    <div class="grid__item  one-whole">
        <div class="grid  palm--hide">
            <div class="grid__item  portable-up--two-thirds">
                

<ul class="nav breadcrumb  push--ends">
    
            
            <li itemscope itemtype="http://data-vocabulary.org/Breadcrumb">
                <a id="body_0_Breadcrumb_BreadcrumbItemsList_LinkItem_0" itemprop="url" href="/">
                    <span itemprop="title">Thrifty Foods</span>
                </a>

				

				
            </li>
        
            <li itemscope itemtype="http://data-vocabulary.org/Breadcrumb">
                <a id="body_0_Breadcrumb_BreadcrumbItemsList_LinkItem_1" itemprop="url" href="/shop-online">
                    <span itemprop="title">Shop Online</span>
                </a>

				

				
            </li>
        
            <li itemscope itemtype="http://data-vocabulary.org/Breadcrumb">
                <a id="body_0_Breadcrumb_BreadcrumbItemsList_LinkItem_2" itemprop="url" href="/shop-online/browse">
                    <span itemprop="title">Browse</span>
                </a>

				

				
            </li>
        
            <li itemscope itemtype="http://data-vocabulary.org/Breadcrumb">
                

				<span itemprop="title">Frozen</span>

				<a id="body_0_Breadcrumb_BreadcrumbItemsList_RemoveItem_3" class="breadcrumb__remove" role="presentation" aria-hidden="true" href="/shop-online">
				    <span class="icon icon--close icon--larger"></span>
				</a>
            </li>
        
        
</ul>
            </div>
			<div class="grid__item  portable-up--one-third">
				
<div class="sharing-toolbox" id="addThis-target">    
    <div class="addthis_sharing_toolbox"></div>
</div>

			</div>
        </div>
    </div>

    <div class="grid__item  portable--fifteen-sixteenths  palm--fifteen-sixteenths">
        <div class="relative soft-medium--top">
            
<div class="header-banner push-medium--bottom header-banner__white-text">
    <div class="header-banner_banner">
        <img src="https://az870929.vo.msecnd.net/cdn/media/default_banner.ashx?la=en&amp;w=1180&amp;hash=A3A0CDA11A3E7A5BE52E7C84191AC84AE649FDB5" class="cover header-banner__banner-media js-responsive-image" alt="" />
        <div class="header-banner__banner-content">
            <h1 class="header-banner__banner-title">
                Frozen
                <span id="body_0_HeaderBannerFullSize_BannerTitleOverride"></span>
            </h1>
        </div>
    </div>
    
</div>


            <div class="portable-up--hide">
                <div class="text--left  push--ends">
                    <a href="#" class="btn btn--hollow link  js-toggle-drawer" data-target-drawer=".js-filters-drawer">
                        &gt;&gt;Categories
                    </a>
                </div>
            </div>
            <div class="grid">
                <div class="grid__item drawer drawer--left push-medium--bottom one-fifth  portable--two-sixths palm--one-whole js-filters-drawer">
                    <a href="#" class="js-toggle-drawer  drawer__close" data-target-drawer=".js-filters-drawer"><span class="icon  icon--error  icon--large"></span></a>
                    

<div>
    <h2 class="portable-up--hide soft--sides">
        Refine Results By:
    </h2>
    <div class="mobile-toggler__content" data-qa="online-grocery-refiners">
        <nav class="nav  nav--collapsible refiner" title="Refine Results By:">
            <ul>
                

                    <li class="is-active active-refiners js-ga-activeRefiners">
                        <span class="nav--collapsible__clickable">
                            <span id="body_0_LeftSideMenu_YourSelectionLabel">Your selection</span></span>
                        <ul class="child">
                            
                                    <li class="js-ga-activeRefiner active-refiners__item">
                                        <span class="active-refiners__label">Frozen</span>
                                        <a href='/shop-online' class="active-refiners__remove">
                                            <span class="icon icon--close icon--larger">
                                                <span class="accessibility">X</span>
                                            </span>
                                        </a>
                                    </li>
                                
                            <li class="active-refiners__reset">
                                <a id="body_0_LeftSideMenu_RemoveSearchFilterUrl" class="text--brand" href="/shop-online/"><span id="body_0_LeftSideMenu_RemoveFiltersLabel">Remove selected filters</span></a>
                            </li>
                        </ul>
                    </li>

                

                <li class="js-collapsible is-active">
                    <a href="#" class="js-cta-collapsible nav--collapsible__clickable">
                        <span id="body_0_LeftSideMenu_AdditionalFiltersLabel">Additional Filters</span>
                    </a>

                    <ul class="child">
                        
                                <li class="checkbox  ">
                                    <span class="js-change-to-url js-click-loading js-ga-refiner"><input id="body_0_LeftSideMenu_ShopByRpt_ApplyFilterCheck_0" type="checkbox" name="body_0$LeftSideMenu$ShopByRpt$ctl00$ApplyFilterCheck" data-checked-url="/shop-online/browse/Frozen/in-flyer" data-unchecked-url="/shop-online/frozen" /><label for="body_0_LeftSideMenu_ShopByRpt_ApplyFilterCheck_0"><span class="js-ga-refiner-name">In Flyer</span> (79)</label></span>
                                    
                                </li>
                            
                                <li class="checkbox  ">
                                    <span class="js-change-to-url js-click-loading js-ga-refiner"><input id="body_0_LeftSideMenu_ShopByRpt_ApplyFilterCheck_1" type="checkbox" name="body_0$LeftSideMenu$ShopByRpt$ctl01$ApplyFilterCheck" data-checked-url="/shop-online/browse/Frozen/in-promotion" data-unchecked-url="/shop-online/frozen" /><label for="body_0_LeftSideMenu_ShopByRpt_ApplyFilterCheck_1"><span class="js-ga-refiner-name">In Promotion</span> (124)</label></span>
                                    
                                </li>
                            
                                <li class="checkbox  ">
                                    <span class="js-change-to-url js-click-loading js-ga-refiner"><input id="body_0_LeftSideMenu_ShopByRpt_ApplyFilterCheck_2" type="checkbox" name="body_0$LeftSideMenu$ShopByRpt$ctl02$ApplyFilterCheck" data-checked-url="/shop-online/browse/Frozen/new-product" data-unchecked-url="/shop-online/frozen" /><label for="body_0_LeftSideMenu_ShopByRpt_ApplyFilterCheck_2"><span class="js-ga-refiner-name">New Product</span> (1)</label></span>
                                    
                                </li>
                            
                                <li class="checkbox  ">
                                    <span class="js-change-to-url js-click-loading js-ga-refiner"><input id="body_0_LeftSideMenu_ShopByRpt_ApplyFilterCheck_3" type="checkbox" name="body_0$LeftSideMenu$ShopByRpt$ctl03$ApplyFilterCheck" data-checked-url="/shop-online/browse/Frozen/gluten-free" data-unchecked-url="/shop-online/frozen" /><label for="body_0_LeftSideMenu_ShopByRpt_ApplyFilterCheck_3"><span class="js-ga-refiner-name">Gluten Free</span> (52)</label></span>
                                    
                                </li>
                            
                                <li class="checkbox  ">
                                    <span class="js-change-to-url js-click-loading js-ga-refiner"><input id="body_0_LeftSideMenu_ShopByRpt_ApplyFilterCheck_4" type="checkbox" name="body_0$LeftSideMenu$ShopByRpt$ctl04$ApplyFilterCheck" data-checked-url="/shop-online/browse/Frozen/popular-products" data-unchecked-url="/shop-online/frozen" /><label for="body_0_LeftSideMenu_ShopByRpt_ApplyFilterCheck_4"><span class="js-ga-refiner-name">Popular Products</span> (62)</label></span>
                                    
                                </li>
                            
                    </ul>
                </li>

                <li class="js-collapsible  is-active">
                    <a id="body_0_LeftSideMenu_TopCategoryLtl" title="Frozen" class="js-cta-collapsible nav--collapsible__clickable" href="../Controls/Search/#">Frozen</a>

                    <ul class="child">
                        
                                <li>
                                    <a id="body_0_LeftSideMenu_CategoryFacetsRpt_CategoryFacetLnk_0" class="js-ga-category" href="/shop-online/browse/Frozen/Frozen%20Beverages%20%26%20Ice"><span class="js-ga-refiner-name">Frozen Beverages & Ice</span> (24)</a>
                                </li>
                            
                                <li>
                                    <a id="body_0_LeftSideMenu_CategoryFacetsRpt_CategoryFacetLnk_1" class="js-ga-category" href="/shop-online/browse/Frozen/Frozen%20Meal%20Makers"><span class="js-ga-refiner-name">Frozen Meal Makers</span> (144)</a>
                                </li>
                            
                                <li>
                                    <a id="body_0_LeftSideMenu_CategoryFacetsRpt_CategoryFacetLnk_2" class="js-ga-category" href="/shop-online/browse/Frozen/Frozen%20Ready%20Meals"><span class="js-ga-refiner-name">Frozen Ready Meals</span> (222)</a>
                                </li>
                            
                                <li>
                                    <a id="body_0_LeftSideMenu_CategoryFacetsRpt_CategoryFacetLnk_3" class="js-ga-category" href="/shop-online/browse/Frozen/Ice%20Cream%20%26%20Desserts"><span class="js-ga-refiner-name">Ice Cream & Desserts</span> (305)</a>
                                </li>
                            
                    </ul>
                    <a href="#" class="js-show-more-btn text--brand btn--show-more  hidden">+ <span class="js-show-more-count"></span>
                        to show
                    </a>
                    <a href="#" class="js-show-less-btn text--brand btn--show-more  hidden">
                        Fewer
                    </a>
                </li>
                

<li class="js-collapsible  js-show-more  is-active">
    <a title="Brands" class="js-cta-collapsible nav--collapsible__clickable" href="../Controls/Groceries/#">Brands</a>
       
    <ul class="child ">
        
                <li>
                    
                    <a id="body_0_LeftSideMenu_BrandRefiner_BrandFacetsRpt_BrandFacetLnk_0" class="js-ga-brand" href="/shop-online/browse/Frozen?fq=BrandName_Facet%3AAlexia">Alexia (4)</a>
                </li>
            
                <li>
                    
                    <a id="body_0_LeftSideMenu_BrandRefiner_BrandFacetsRpt_BrandFacetLnk_1" class="js-ga-brand" href="/shop-online/browse/Frozen?fq=BrandName_Facet%3AAmy%27s+Kitchen">Amy's Kitchen (20)</a>
                </li>
            
                <li>
                    
                    <a id="body_0_LeftSideMenu_BrandRefiner_BrandFacetsRpt_BrandFacetLnk_2" class="js-ga-brand" href="/shop-online/browse/Frozen?fq=BrandName_Facet%3ABen+%2526+Jerry%27s">Ben & Jerry's (9)</a>
                </li>
            
                <li>
                    
                    <a id="body_0_LeftSideMenu_BrandRefiner_BrandFacetsRpt_BrandFacetLnk_3" class="js-ga-brand" href="/shop-online/browse/Frozen?fq=BrandName_Facet%3ABergen+Farms">Bergen Farms (10)</a>
                </li>
            
                <li>
                    
                    <a id="body_0_LeftSideMenu_BrandRefiner_BrandFacetsRpt_BrandFacetLnk_4" class="js-ga-brand" href="/shop-online/browse/Frozen?fq=BrandName_Facet%3ABetterwith">Betterwith (5)</a>
                </li>
            
                <li>
                    
                    <a id="body_0_LeftSideMenu_BrandRefiner_BrandFacetsRpt_BrandFacetLnk_5" class="js-ga-brand" href="/shop-online/browse/Frozen?fq=BrandName_Facet%3ABreyers">Breyers (8)</a>
                </li>
            
                <li>
                    
                    <a id="body_0_LeftSideMenu_BrandRefiner_BrandFacetsRpt_BrandFacetLnk_6" class="js-ga-brand" href="/shop-online/browse/Frozen?fq=BrandName_Facet%3ACavendish+Farms">Cavendish Farms (6)</a>
                </li>
            
                <li>
                    
                    <a id="body_0_LeftSideMenu_BrandRefiner_BrandFacetsRpt_BrandFacetLnk_7" class="js-ga-brand" href="/shop-online/browse/Frozen?fq=BrandName_Facet%3AChapman%27s">Chapman's (34)</a>
                </li>
            
                <li>
                    
                    <a id="body_0_LeftSideMenu_BrandRefiner_BrandFacetsRpt_BrandFacetLnk_8" class="js-ga-brand" href="/shop-online/browse/Frozen?fq=BrandName_Facet%3ACheemo">Cheemo (11)</a>
                </li>
            
                <li>
                    
                    <a id="body_0_LeftSideMenu_BrandRefiner_BrandFacetsRpt_BrandFacetLnk_9" class="js-ga-brand" href="/shop-online/browse/Frozen?fq=BrandName_Facet%3ACoconut+Bliss">Coconut Bliss (8)</a>
                </li>
            
                <li>
                    
                    <a id="body_0_LeftSideMenu_BrandRefiner_BrandFacetsRpt_BrandFacetLnk_10" class="js-ga-brand" href="/shop-online/browse/Frozen?fq=BrandName_Facet%3ACompliments">Compliments (87)</a>
                </li>
            
                <li>
                    
                    <a id="body_0_LeftSideMenu_BrandRefiner_BrandFacetsRpt_BrandFacetLnk_11" class="js-ga-brand" href="/shop-online/browse/Frozen?fq=BrandName_Facet%3ADel+Monte">Del Monte (4)</a>
                </li>
            
                <li>
                    
                    <a id="body_0_LeftSideMenu_BrandRefiner_BrandFacetsRpt_BrandFacetLnk_12" class="js-ga-brand" href="/shop-online/browse/Frozen?fq=BrandName_Facet%3ADelissio">Delissio (17)</a>
                </li>
            
                <li>
                    
                    <a id="body_0_LeftSideMenu_BrandRefiner_BrandFacetsRpt_BrandFacetLnk_13" class="js-ga-brand" href="/shop-online/browse/Frozen?fq=BrandName_Facet%3ADr.+Oetker">Dr. Oetker (33)</a>
                </li>
            
                <li>
                    
                    <a id="body_0_LeftSideMenu_BrandRefiner_BrandFacetsRpt_BrandFacetLnk_14" class="js-ga-brand" href="/shop-online/browse/Frozen?fq=BrandName_Facet%3AEarthbound+Farm">Earthbound Farm (5)</a>
                </li>
            
                <li>
                    
                    <a id="body_0_LeftSideMenu_BrandRefiner_BrandFacetsRpt_BrandFacetLnk_15" class="js-ga-brand" href="/shop-online/browse/Frozen?fq=BrandName_Facet%3AEggBakes">EggBakes (6)</a>
                </li>
            
                <li>
                    
                    <a id="body_0_LeftSideMenu_BrandRefiner_BrandFacetsRpt_BrandFacetLnk_16" class="js-ga-brand" href="/shop-online/browse/Frozen?fq=BrandName_Facet%3AEl+Monterey">El Monterey (5)</a>
                </li>
            
                <li>
                    
                    <a id="body_0_LeftSideMenu_BrandRefiner_BrandFacetsRpt_BrandFacetLnk_17" class="js-ga-brand" href="/shop-online/browse/Frozen?fq=BrandName_Facet%3AGardein">Gardein (4)</a>
                </li>
            
                <li>
                    
                    <a id="body_0_LeftSideMenu_BrandRefiner_BrandFacetsRpt_BrandFacetLnk_18" class="js-ga-brand" href="/shop-online/browse/Frozen?fq=BrandName_Facet%3AGreen+Giant">Green Giant (24)</a>
                </li>
            
                <li>
                    
                    <a id="body_0_LeftSideMenu_BrandRefiner_BrandFacetsRpt_BrandFacetLnk_19" class="js-ga-brand" href="/shop-online/browse/Frozen?fq=BrandName_Facet%3AHaagen-Dazs">Haagen-Dazs (33)</a>
                </li>
            
                <li>
                    
                    <a id="body_0_LeftSideMenu_BrandRefiner_BrandFacetsRpt_BrandFacetLnk_20" class="js-ga-brand" href="/shop-online/browse/Frozen?fq=BrandName_Facet%3AHalo+Top">Halo Top (4)</a>
                </li>
            
                <li>
                    
                    <a id="body_0_LeftSideMenu_BrandRefiner_BrandFacetsRpt_BrandFacetLnk_21" class="js-ga-brand" href="/shop-online/browse/Frozen?fq=BrandName_Facet%3AHealthy+Choice">Healthy Choice (12)</a>
                </li>
            
                <li>
                    
                    <a id="body_0_LeftSideMenu_BrandRefiner_BrandFacetsRpt_BrandFacetLnk_22" class="js-ga-brand" href="/shop-online/browse/Frozen?fq=BrandName_Facet%3AHungry+Man">Hungry Man (4)</a>
                </li>
            
                <li>
                    
                    <a id="body_0_LeftSideMenu_BrandRefiner_BrandFacetsRpt_BrandFacetLnk_23" class="js-ga-brand" href="/shop-online/browse/Frozen?fq=BrandName_Facet%3AIsland+Farm">Island Farm (5)</a>
                </li>
            
                <li>
                    
                    <a id="body_0_LeftSideMenu_BrandRefiner_BrandFacetsRpt_BrandFacetLnk_24" class="js-ga-brand" href="/shop-online/browse/Frozen?fq=BrandName_Facet%3AIsland+Farms">Island Farms (38)</a>
                </li>
            
                <li>
                    
                    <a id="body_0_LeftSideMenu_BrandRefiner_BrandFacetsRpt_BrandFacetLnk_25" class="js-ga-brand" href="/shop-online/browse/Frozen?fq=BrandName_Facet%3AKellogg%27s">Kellogg's (15)</a>
                </li>
            
                <li>
                    
                    <a id="body_0_LeftSideMenu_BrandRefiner_BrandFacetsRpt_BrandFacetLnk_26" class="js-ga-brand" href="/shop-online/browse/Frozen?fq=BrandName_Facet%3ALean+Cuisine">Lean Cuisine (9)</a>
                </li>
            
                <li>
                    
                    <a id="body_0_LeftSideMenu_BrandRefiner_BrandFacetsRpt_BrandFacetLnk_27" class="js-ga-brand" href="/shop-online/browse/Frozen?fq=BrandName_Facet%3ALucerne">Lucerne (4)</a>
                </li>
            
                <li>
                    
                    <a id="body_0_LeftSideMenu_BrandRefiner_BrandFacetsRpt_BrandFacetLnk_28" class="js-ga-brand" href="/shop-online/browse/Frozen?fq=BrandName_Facet%3ALuvo">Luvo (4)</a>
                </li>
            
                <li>
                    
                    <a id="body_0_LeftSideMenu_BrandRefiner_BrandFacetsRpt_BrandFacetLnk_29" class="js-ga-brand" href="/shop-online/browse/Frozen?fq=BrandName_Facet%3AMagnum">Magnum (6)</a>
                </li>
            
                <li>
                    
                    <a id="body_0_LeftSideMenu_BrandRefiner_BrandFacetsRpt_BrandFacetLnk_30" class="js-ga-brand" href="/shop-online/browse/Frozen?fq=BrandName_Facet%3AMarios">Marios (4)</a>
                </li>
            
                <li>
                    
                    <a id="body_0_LeftSideMenu_BrandRefiner_BrandFacetsRpt_BrandFacetLnk_31" class="js-ga-brand" href="/shop-online/browse/Frozen?fq=BrandName_Facet%3AMcCain">McCain (26)</a>
                </li>
            
                <li>
                    
                    <a id="body_0_LeftSideMenu_BrandRefiner_BrandFacetsRpt_BrandFacetLnk_32" class="js-ga-brand" href="/shop-online/browse/Frozen?fq=BrandName_Facet%3AMichelina%27s">Michelina's (4)</a>
                </li>
            
                <li>
                    
                    <a id="body_0_LeftSideMenu_BrandRefiner_BrandFacetsRpt_BrandFacetLnk_33" class="js-ga-brand" href="/shop-online/browse/Frozen?fq=BrandName_Facet%3AMinute+Maid">Minute Maid (11)</a>
                </li>
            
                <li>
                    
                    <a id="body_0_LeftSideMenu_BrandRefiner_BrandFacetsRpt_BrandFacetLnk_34" class="js-ga-brand" href="/shop-online/browse/Frozen?fq=BrandName_Facet%3ANestle">Nestle (15)</a>
                </li>
            
                <li>
                    
                    <a id="body_0_LeftSideMenu_BrandRefiner_BrandFacetsRpt_BrandFacetLnk_35" class="js-ga-brand" href="/shop-online/browse/Frozen?fq=BrandName_Facet%3APanache">Panache (8)</a>
                </li>
            
                <li>
                    
                    <a id="body_0_LeftSideMenu_BrandRefiner_BrandFacetsRpt_BrandFacetLnk_36" class="js-ga-brand" href="/shop-online/browse/Frozen?fq=BrandName_Facet%3APerfectly+Imperfect">Perfectly Imperfect (5)</a>
                </li>
            
                <li>
                    
                    <a id="body_0_LeftSideMenu_BrandRefiner_BrandFacetsRpt_BrandFacetLnk_37" class="js-ga-brand" href="/shop-online/browse/Frozen?fq=BrandName_Facet%3APillsbury">Pillsbury (9)</a>
                </li>
            
                <li>
                    
                    <a id="body_0_LeftSideMenu_BrandRefiner_BrandFacetsRpt_BrandFacetLnk_38" class="js-ga-brand" href="/shop-online/browse/Frozen?fq=BrandName_Facet%3APopsicle">Popsicle (4)</a>
                </li>
            
                <li>
                    
                    <a id="body_0_LeftSideMenu_BrandRefiner_BrandFacetsRpt_BrandFacetLnk_39" class="js-ga-brand" href="/shop-online/browse/Frozen?fq=BrandName_Facet%3ARighteous+Gelato">Righteous Gelato (7)</a>
                </li>
            
                <li>
                    
                    <a id="body_0_LeftSideMenu_BrandRefiner_BrandFacetsRpt_BrandFacetLnk_40" class="js-ga-brand" href="/shop-online/browse/Frozen?fq=BrandName_Facet%3ASensations">Sensations (8)</a>
                </li>
            
                <li>
                    
                    <a id="body_0_LeftSideMenu_BrandRefiner_BrandFacetsRpt_BrandFacetLnk_41" class="js-ga-brand" href="/shop-online/browse/Frozen?fq=BrandName_Facet%3ASilver+Hills">Silver Hills (4)</a>
                </li>
            
                <li>
                    
                    <a id="body_0_LeftSideMenu_BrandRefiner_BrandFacetsRpt_BrandFacetLnk_42" class="js-ga-brand" href="/shop-online/browse/Frozen?fq=BrandName_Facet%3ASiwin">Siwin (5)</a>
                </li>
            
                <li>
                    
                    <a id="body_0_LeftSideMenu_BrandRefiner_BrandFacetsRpt_BrandFacetLnk_43" class="js-ga-brand" href="/shop-online/browse/Frozen?fq=BrandName_Facet%3ASnowcrest">Snowcrest (10)</a>
                </li>
            
                <li>
                    
                    <a id="body_0_LeftSideMenu_BrandRefiner_BrandFacetsRpt_BrandFacetLnk_44" class="js-ga-brand" href="/shop-online/browse/Frozen?fq=BrandName_Facet%3ASo+Delicious">So Delicious (10)</a>
                </li>
            
                <li>
                    
                    <a id="body_0_LeftSideMenu_BrandRefiner_BrandFacetsRpt_BrandFacetLnk_45" class="js-ga-brand" href="/shop-online/browse/Frozen?fq=BrandName_Facet%3AStouffer%27s">Stouffer's (9)</a>
                </li>
            
                <li>
                    
                    <a id="body_0_LeftSideMenu_BrandRefiner_BrandFacetsRpt_BrandFacetLnk_46" class="js-ga-brand" href="/shop-online/browse/Frozen?fq=BrandName_Facet%3ASwanson">Swanson (6)</a>
                </li>
            
                <li>
                    
                    <a id="body_0_LeftSideMenu_BrandRefiner_BrandFacetsRpt_BrandFacetLnk_47" class="js-ga-brand" href="/shop-online/browse/Frozen?fq=BrandName_Facet%3ATenderflake">Tenderflake (7)</a>
                </li>
            
                <li>
                    
                    <a id="body_0_LeftSideMenu_BrandRefiner_BrandFacetsRpt_BrandFacetLnk_48" class="js-ga-brand" href="/shop-online/browse/Frozen?fq=BrandName_Facet%3AUdi%27s">Udi's (5)</a>
                </li>
            
                <li>
                    
                    <a id="body_0_LeftSideMenu_BrandRefiner_BrandFacetsRpt_BrandFacetLnk_49" class="js-ga-brand" href="/shop-online/browse/Frozen?fq=BrandName_Facet%3AWeight+Watchers">Weight Watchers (9)</a>
                </li>
            
   </ul>
    <a href="#" class="js-show-more-btn  btn--show-more  hidden">+ <span class="js-show-more-count"></span> to show</a>
    <a href="#" class="js-show-less-btn  btn--show-more  hidden">Fewer</a>
</li>

            </ul>
        </nav>
    </div>
</div>

                </div>

                <div class="grid__item four-fifths portable--four-sixths palm--one-whole">
                    
                    
<div class="grid ">
    <div class="grid__item">
        
    </div>
</div>


<div class="island island--info push-large--bottom soft--half text--center" data-qa="online-grocery-pricing-period">
    <div class="island__container map-colors-bases-white">
        <strong>
            

<span class="pricing-period-label">Promotional pricing displayed is valid for orders delivered or picked up between Thursday, October 29, 2020 and Wednesday, November 4, 2020.</span>
        </strong>
    </div>
</div>


<nav class="search-controls push-large--bottom">
    <div>
        <div class="grid">
            <div class="grid__item desk--one-half portable--one-third palm--soft--bottom">
                <div id="body_0_main_1_ProductSearch_GroceryBrowsing_TemplateResult_SortPlaceHolder" class="js-change-to-url">
                    <label for="body_0_main_1_ProductSearch_GroceryBrowsing_TemplateResult_SetSortOrder" class="text--strong push-half--right">Sort Results By:</label>
                    <select name="body_0$main_1$ProductSearch$GroceryBrowsing$TemplateResult$SetSortOrder" id="body_0_main_1_ProductSearch_GroceryBrowsing_TemplateResult_SetSortOrder" class="js-ga-sort">
	<option selected="selected" value="https://www.thriftyfoods.com/shop-online/frozen?sort=score:desc">Relevance</option>
	<option value="https://www.thriftyfoods.com/shop-online/frozen?sort=FullDisplayName_Sort:asc">Alphabetical order (A-Z)</option>
	<option value="https://www.thriftyfoods.com/shop-online/frozen?sort=FullDisplayName_Sort:desc">Alphabetical order (Z-A)</option>

</select>
                </div>
            </div>
            <div class="grid__item desk--one-half portable--two-thirds">
                


<div class="pagination">
	<nav>
        <div class="grid grid--right">
            
	        <div class="grid__item portable-up--ten-twelfths text--right palm--text--center">
                <ul class="nav">
                    <li class="pagination__arrow">
                        <a id="body_0_main_1_ProductSearch_GroceryBrowsing_TemplateResult_PaginationTop_FirstPageBtn" title="First Page" class="is-disabled icon--arrow-skinny-left-double"></a></li>
                    <li class="pagination__arrow pagination__arrow--left">
                        <a id="body_0_main_1_ProductSearch_GroceryBrowsing_TemplateResult_PaginationTop_PreviousPageBtn" title="Previous Page" class="is-disabled icon--arrow-skinny-left"></a></li>
                    
                            <li>
                                <a id="body_0_main_1_ProductSearch_GroceryBrowsing_TemplateResult_PaginationTop_PageRepeater_HyperLink1_0" class="is-active pagination__number">
                                    <span class="accessibility">Go to page</span>
                                    1</a>

                            </li>
                        
                            <li>
                                <a id="body_0_main_1_ProductSearch_GroceryBrowsing_TemplateResult_PaginationTop_PageRepeater_HyperLink1_1" class=" pagination__number" href="/shop-online/frozen?page=2&amp;pageSize=20">
                                    <span class="accessibility">Go to page</span>
                                    2</a>

                            </li>
                        
                            <li>
                                <a id="body_0_main_1_ProductSearch_GroceryBrowsing_TemplateResult_PaginationTop_PageRepeater_HyperLink1_2" class=" pagination__number" href="/shop-online/frozen?page=3&amp;pageSize=20">
                                    <span class="accessibility">Go to page</span>
                                    3</a>

                            </li>
                        
                    <li class="pagination__arrow pagination__arrow--right">
                        <a id="body_0_main_1_ProductSearch_GroceryBrowsing_TemplateResult_PaginationTop_NextPageBtn" title="Next Page" class="icon--arrow-skinny-right" href="/shop-online/frozen?page=2&amp;pageSize=20"></a></li>
                    <li class="pagination__arrow">
                        <a id="body_0_main_1_ProductSearch_GroceryBrowsing_TemplateResult_PaginationTop_LastPageBtn" title="Last Page" class="icon--arrow-skinny-right-double" href="/shop-online/frozen?page=35&amp;pageSize=20"></a></li>
                </ul>
            </div>
        </div>
    </nav>
</div>
            </div>
        </div>
    </div>
</nav>

<div>
    

<div class="push-medium--bottom">
    
</div>
<h2 class="push-medium--bottom heading heading--underlined hidden">
    Search Results
</h2>
</div>


        <div id="body_0_main_1_ProductSearch_GroceryBrowsing_TemplateResult_SearchResultListView_MansoryPanel">
	
            <div class="grid js-equal-height" data-equal-item=".js-equalized-sub-item, .js-equalized-sub-item2 ">
                
        
        <div id="body_0_main_1_ProductSearch_GroceryBrowsing_TemplateResult_SearchResultListView_ctrl0_ItemTemplatePanel_0" class="product-tile push--bottom grid__item slim palm--one-half portable--two-quarters desk--one-quarter">
		
            

<div class="item-product js-product js-equalized js-addtolist-container js-ga" data-product="{'ProductId':'00000_000000019056942327','BrandName':'Green Giant','FullDisplayName':'Sweetlet Peas Frozen Vegetables','IsAgeRequired':false,'SizeLabel':'','Size':'750 g','ProductUrl':'/product/frozen-vegetablessweetlet-peas/00000_000000019056942327','ProductImageUrl':'https://az836796.vo.msecnd.net/media/image/product/en/medium/0019056942327.jpg','HasNewPrice':false,'PromotionName':null,'RegularPrice':3.99000,'SalesPrice':2.50000,'CustomerProductComment':null,'PopularityFactor':83.0}" data-bind="onceWith: products.createOrUpdate($element.getAttribute('data-product'))">
    <div class="popular-ribbon" data-bind="visible: popularityFactor() != null && popularityFactor() > 0" style="display: none">
        <span class="ribbon">
            Popular
        </span>
    </div>
    <div class="item-product" data-bind="css: { 'is-in-cart': quantity() }">
        <div class="grid">
            <div class="grid__item">
                <div class="media-overlay js-overlay-controls">
                    <a id="body_0_main_1_ProductSearch_GroceryBrowsing_TemplateResult_SearchResultListView_ctrl0_ctl00_0_ImageLink_0" tabindex="-1" title="Sweetlet Peas Frozen Vegetables" class="js-ga-productimage" aria-hidden="true" role="presentation" href="/product/frozen-vegetablessweetlet-peas/00000_000000019056942327"><img id="body_0_main_1_ProductSearch_GroceryBrowsing_TemplateResult_SearchResultListView_ctrl0_ctl00_0_ProductImage_0" class="fluid" onerror="this.onerror=null; this.src=globalSettings.ProductImages.Small" role="presentation" src="https://az836796.vo.msecnd.net/media/image/product/en/small/0019056942327.jpg" /></a>
                    
                    
                    <div class="item-product__overlay item-product__overlay--full-height" data-bind="visible: quantity()" style="display: none;">
                        <div>
                            <span class="item-product__quantity js-product-quantity" data-bind="'text': quantity"></span>
                            In your cart
                        </div>
                    </div>
                </div>
            </div>
            <div class="grid__item">
                <div class="item-product__content push--top">
                    <div class="js-equalized-sub-item push-medium--bottom">
                        <div id="body_0_main_1_ProductSearch_GroceryBrowsing_TemplateResult_SearchResultListView_ctrl0_ctl00_0_BrandNameZone_0" class="item-product__brand push--top">
                            Green Giant
                        </div>

                        <h3 class="h4-like">
                            <a id="body_0_main_1_ProductSearch_GroceryBrowsing_TemplateResult_SearchResultListView_ctrl0_ctl00_0_NavigateTo_0" class="js-ga-productname" aria-label="Sweetlet Peas Frozen Vegetables" href="/product/frozen-vegetablessweetlet-peas/00000_000000019056942327">Sweetlet Peas Frozen Vegetables</a>
                        </h3>


                        <div id="body_0_main_1_ProductSearch_GroceryBrowsing_TemplateResult_SearchResultListView_ctrl0_ctl00_0_SizeZone_0" class="item-product__info">
                                
                                

                                750 g
                            </div>
                    </div>
                    <div id="body_0_main_1_ProductSearch_GroceryBrowsing_TemplateResult_SearchResultListView_ctrl0_ctl00_0_ListOfPrices_0" class="item-product__prices js-equalized-sub-item2 on-sale">
                        <div class="grid grid--middle">
                            

    <div class="grid__item push-medium--bottom">
        <div class="item-product__price--sale">
            <span class="text--strong">
                <span class="price text--strong" >$2.50</span>
            </span>
        </div>
    </div>



    <div class="grid__item portable-up--two-fifths">
        <div class="item-product__price">
            <span class="price-amount">$3.99</span>
        </div>
    </div>


                            
                                <div class="grid__item portable-up--three-fifths">
                                    <div class="item-product__info palm--hide">
                                        <div class="text--small">
                                            $0.33 / 100G
                                        </div>
                                    </div>
                                </div>
                            
                        </div>
                    </div>
                </div>

            </div>
            <div class="grid__item">
                <div class="item-product__controls push--bottom">
                    

<div class="add-to-cart js-add-to-cart js-using-cart js-tutorial-addtocart">
	<span class="feedback">
		Product added to cart
	</span>

	<span class="hidden js-product-id">
		<input type="hidden" name="body_0$main_1$ProductSearch$GroceryBrowsing$TemplateResult$SearchResultListView$ctrl0$ctl00$ctl00$AddToCartButton$FldProduct" id="body_0_main_1_ProductSearch_GroceryBrowsing_TemplateResult_SearchResultListView_ctrl0_ctl00_0_AddToCartButton_0_FldProduct_0" value="00000_000000019056942327" />
	</span>
	<span class="hidden js-product-name">
		<input type="hidden" name="body_0$main_1$ProductSearch$GroceryBrowsing$TemplateResult$SearchResultListView$ctrl0$ctl00$ctl00$AddToCartButton$FldProductName" id="body_0_main_1_ProductSearch_GroceryBrowsing_TemplateResult_SearchResultListView_ctrl0_ctl00_0_AddToCartButton_0_FldProductName_0" />
	</span>
	<span class="hidden js-product-price">
		<input type="hidden" name="body_0$main_1$ProductSearch$GroceryBrowsing$TemplateResult$SearchResultListView$ctrl0$ctl00$ctl00$AddToCartButton$FldProductPrice" id="body_0_main_1_ProductSearch_GroceryBrowsing_TemplateResult_SearchResultListView_ctrl0_ctl00_0_AddToCartButton_0_FldProductPrice_0" />
	</span>
    <span class="hidden js-product-isnewprice">
		<input type="hidden" name="body_0$main_1$ProductSearch$GroceryBrowsing$TemplateResult$SearchResultListView$ctrl0$ctl00$ctl00$AddToCartButton$FldProductIsNewPrice" id="body_0_main_1_ProductSearch_GroceryBrowsing_TemplateResult_SearchResultListView_ctrl0_ctl00_0_AddToCartButton_0_FldProductIsNewPrice_0" />
	</span>
    <span class="hidden js-product-isonsale">
		<input type="hidden" name="body_0$main_1$ProductSearch$GroceryBrowsing$TemplateResult$SearchResultListView$ctrl0$ctl00$ctl00$AddToCartButton$FldProductIsOnSale" id="body_0_main_1_ProductSearch_GroceryBrowsing_TemplateResult_SearchResultListView_ctrl0_ctl00_0_AddToCartButton_0_FldProductIsOnSale_0" />
	</span>
    <span class="hidden js-product-isonpromo">
		<input type="hidden" name="body_0$main_1$ProductSearch$GroceryBrowsing$TemplateResult$SearchResultListView$ctrl0$ctl00$ctl00$AddToCartButton$FldProductIsOnPromo" id="body_0_main_1_ProductSearch_GroceryBrowsing_TemplateResult_SearchResultListView_ctrl0_ctl00_0_AddToCartButton_0_FldProductIsOnPromo_0" />
	</span>
	<span class="hidden js-ga-addToCart">
		<input type="hidden" name="body_0$main_1$ProductSearch$GroceryBrowsing$TemplateResult$SearchResultListView$ctrl0$ctl00$ctl00$AddToCartButton$FldProductItemAddName" id="body_0_main_1_ProductSearch_GroceryBrowsing_TemplateResult_SearchResultListView_ctrl0_ctl00_0_AddToCartButton_0_FldProductItemAddName_0" />
		<input type="hidden" name="body_0$main_1$ProductSearch$GroceryBrowsing$TemplateResult$SearchResultListView$ctrl0$ctl00$ctl00$AddToCartButton$FldProductItemAddPrice" id="body_0_main_1_ProductSearch_GroceryBrowsing_TemplateResult_SearchResultListView_ctrl0_ctl00_0_AddToCartButton_0_FldProductItemAddPrice_0" />
        <input type="hidden" name="body_0$main_1$ProductSearch$GroceryBrowsing$TemplateResult$SearchResultListView$ctrl0$ctl00$ctl00$AddToCartButton$FldProductItemAddIsNewPrice" id="body_0_main_1_ProductSearch_GroceryBrowsing_TemplateResult_SearchResultListView_ctrl0_ctl00_0_AddToCartButton_0_FldProductItemAddIsNewPrice_0" />
        <input type="hidden" name="body_0$main_1$ProductSearch$GroceryBrowsing$TemplateResult$SearchResultListView$ctrl0$ctl00$ctl00$AddToCartButton$FldProductItemAddIsOnSale" id="body_0_main_1_ProductSearch_GroceryBrowsing_TemplateResult_SearchResultListView_ctrl0_ctl00_0_AddToCartButton_0_FldProductItemAddIsOnSale_0" />
        <input type="hidden" name="body_0$main_1$ProductSearch$GroceryBrowsing$TemplateResult$SearchResultListView$ctrl0$ctl00$ctl00$AddToCartButton$FldProductItemAddIsOnPromo" id="body_0_main_1_ProductSearch_GroceryBrowsing_TemplateResult_SearchResultListView_ctrl0_ctl00_0_AddToCartButton_0_FldProductItemAddIsOnPromo_0" />
	</span>

	
	<div class="controls push-half--bottom">
		<div class="grid grid--full grid--middle" data-bind="visible: quantity()" style="display:none">
            <div class="grid__item one-third text--left">
                <a href="#" class="btn btn--default item-product__overlay-btn js-ga-decrement" data-bind="click: decrement"><span class="item-product__overlay-btn-label item-product__overlay-minus"><span class="visuallyhidden">-</span></span></a>
            </div>
            <div class="grid__item one-third text--center">
                <label for="body_0_main_1_ProductSearch_GroceryBrowsing_TemplateResult_SearchResultListView_ctrl0_ctl00_0_AddToCartButton_0_TxtNumber_0" id="body_0_main_1_ProductSearch_GroceryBrowsing_TemplateResult_SearchResultListView_ctrl0_ctl00_0_AddToCartButton_0_TxtQtyLabel_0" class="accessibility">Quantity for:  Sweetlet Peas Frozen Vegetables $2.50</label>
                <input name="body_0$main_1$ProductSearch$GroceryBrowsing$TemplateResult$SearchResultListView$ctrl0$ctl00$ctl00$AddToCartButton$TxtNumber" type="number" value="1" id="body_0_main_1_ProductSearch_GroceryBrowsing_TemplateResult_SearchResultListView_ctrl0_ctl00_0_AddToCartButton_0_TxtNumber_0" class="js-add-to-cart-quantity" data-bind="&#39;value&#39;: editedQuantity, &#39;valueUpdate&#39;: &#39;afterkeydown&#39;, &#39;enterkey&#39;: saveEditedQuantity, hasFocus: isBeingEdited, selectAllOnClick: true, event: { blur: saveEditedQuantity }" />
            </div>
            <div class="grid__item one-third text--right">
                <a href="#" class="btn btn--default item-product__overlay-btn js-ga-increment" data-bind="click: increment, css: {'is-disabled': isQuantityMaxed}"><span class="item-product__overlay-btn-label item-product__overlay-plus"><span class="visuallyhidden">+</span></span></a>
            </div>
		</div>
		<span class="control  control--fluid controls__add">
			<button data-bind="'click': saveEditedQuantity, visible: !quantity()" class="btn  btn--default  btn--full-width  relative">
				Add to Cart
			</button>
		</span>
	</div>
</div>


                    


<div class="grid grid--full grid--middle js-product-comment-add-to-list-box" style="display: none" data-bind="visible: quantity() && isCommentMustVisible()">
    <div class="grid__item three-quarters text--center">
        <a id="body_0_main_1_ProductSearch_GroceryBrowsing_TemplateResult_SearchResultListView_ctrl0_ctl00_0_AddToListButton_0_BtnAddToListCart_0" class="btn btn--hollow btn--full-width push-half--bottom relative item-product__add-to-list js-addtolist-cta" href="/my-account/login?item=%2fshop-online%2ffrozen" title="Add item to list" class="item-product__add-to-list  js-addtolist-cta" data-comment-hyperlink="1" style="font-size: 12px;">
            <span style="display:inline-block;position:relative;background:inherit;">
                <span class="icn icn-item-list-icon palm--hide"></span>&nbsp;
            </span>
    
            Add to List
            <span class="js-added-to-list-notification item-product__added-to-list-notification" style="display: none; margin-top: -1px;">
                    <span class="icon icon--check icon--medium text--valid push--top"></span>
                </span>
        </a>
    </div>
    <div class="grid__item one-quarter js-add-comment-product-btn text--right" data-bind="template: { afterRender: initAddToList }">

        <button class="btn btn--hollow item-product__overlay-btn js-add-comment-cta push-half--bottom relative" data-bind="css: { 'btn--dark': customerComment() != '' && customerComment() != null }, click: openComentPopup" title="Comment">
            <span class="item-product__overlay-btn-label"><span class="icn" data-bind="css: { 'icon-comment-bubble-filled': customerComment() != '' && customerComment() != null, 'icon-comment-bubble-empty ': customerComment() == '' || customerComment() == null }"></span></span>
        </button>
    </div>
</div>

<div data-bind="visible: !quantity() || !isCommentMustVisible()">
    <a id="body_0_main_1_ProductSearch_GroceryBrowsing_TemplateResult_SearchResultListView_ctrl0_ctl00_0_AddToListButton_0_BtnAddToList_0" class="btn btn--hollow btn--full-width push-half--bottom relative item-product__add-to-list js-addtolist-cta" data-bind="visible: !quantity() || !isCommentMustVisible()" href="/my-account/login?item=%2fshop-online%2ffrozen" title="Add item to list" class="item-product__add-to-list  js-addtolist-cta" data-comment-hyperlink="0">
        <span style="display:inline-block;position:relative;background:inherit;">
            <span class="icn icn-item-list-icon palm--hide"></span>&nbsp;
        </span>
    
        Add to List
            <span class="js-added-to-list-notification item-product__added-to-list-notification" style="display: none; margin-top: -1px;">
                <span class="icon icon--check icon--medium text--valid push--top"></span>
            </span>
    </a>
</div>

<input type="hidden" name="body_0$main_1$ProductSearch$GroceryBrowsing$TemplateResult$SearchResultListView$ctrl0$ctl00$ctl00$AddToListButton$HidCommentVisible" id="body_0_main_1_ProductSearch_GroceryBrowsing_TemplateResult_SearchResultListView_ctrl0_ctl00_0_AddToListButton_0_HidCommentVisible_0" value="1" />

                </div>
            </div>
        </div>
    </div>
</div>

        
	</div>
    
        <div id="body_0_main_1_ProductSearch_GroceryBrowsing_TemplateResult_SearchResultListView_ctrl0_ItemTemplatePanel_1" class="product-tile push--bottom grid__item slim palm--one-half portable--two-quarters desk--one-quarter">
		
            

<div class="item-product js-product js-equalized js-addtolist-container js-ga" data-product="{'ProductId':'00000_000000005599104045','BrandName':'Silver Hills','FullDisplayName':'Squirrelly Bread','IsAgeRequired':false,'SizeLabel':'','Size':'600 g','ProductUrl':'/product/breadsquirrelly/00000_000000005599104045','ProductImageUrl':'https://az836796.vo.msecnd.net/media/image/product/en/medium/0005599104045.jpg','HasNewPrice':false,'PromotionName':null,'RegularPrice':4.99000,'SalesPrice':null,'CustomerProductComment':null,'PopularityFactor':212.0}" data-bind="onceWith: products.createOrUpdate($element.getAttribute('data-product'))">
    <div class="popular-ribbon" data-bind="visible: popularityFactor() != null && popularityFactor() > 0" style="display: none">
        <span class="ribbon">
            Popular
        </span>
    </div>
    <div class="item-product" data-bind="css: { 'is-in-cart': quantity() }">
        <div class="grid">
            <div class="grid__item">
                <div class="media-overlay js-overlay-controls">
                    <a id="body_0_main_1_ProductSearch_GroceryBrowsing_TemplateResult_SearchResultListView_ctrl0_ctl00_1_ImageLink_1" tabindex="-1" title="Squirrelly Bread" class="js-ga-productimage" aria-hidden="true" role="presentation" href="/product/breadsquirrelly/00000_000000005599104045"><img id="body_0_main_1_ProductSearch_GroceryBrowsing_TemplateResult_SearchResultListView_ctrl0_ctl00_1_ProductImage_1" class="fluid" onerror="this.onerror=null; this.src=globalSettings.ProductImages.Small" role="presentation" src="https://az836796.vo.msecnd.net/media/image/product/en/small/0005599104045.jpg" /></a>
                    
                    
                    <div class="item-product__overlay item-product__overlay--full-height" data-bind="visible: quantity()" style="display: none;">
                        <div>
                            <span class="item-product__quantity js-product-quantity" data-bind="'text': quantity"></span>
                            In your cart
                        </div>
                    </div>
                </div>
            </div>
            <div class="grid__item">
                <div class="item-product__content push--top">
                    <div class="js-equalized-sub-item push-medium--bottom">
                        <div id="body_0_main_1_ProductSearch_GroceryBrowsing_TemplateResult_SearchResultListView_ctrl0_ctl00_1_BrandNameZone_1" class="item-product__brand push--top">
                            Silver Hills
                        </div>

                        <h3 class="h4-like">
                            <a id="body_0_main_1_ProductSearch_GroceryBrowsing_TemplateResult_SearchResultListView_ctrl0_ctl00_1_NavigateTo_1" class="js-ga-productname" aria-label="Squirrelly Bread" href="/product/breadsquirrelly/00000_000000005599104045">Squirrelly Bread</a>
                        </h3>


                        <div id="body_0_main_1_ProductSearch_GroceryBrowsing_TemplateResult_SearchResultListView_ctrl0_ctl00_1_SizeZone_1" class="item-product__info">
                                
                                

                                600 g
                            </div>
                    </div>
                    <div id="body_0_main_1_ProductSearch_GroceryBrowsing_TemplateResult_SearchResultListView_ctrl0_ctl00_1_ListOfPrices_1" class="item-product__prices js-equalized-sub-item2">
                        <div class="grid grid--middle">
                            


    <div class="grid__item">
        <div class="item-product__price push-medium--bottom">
            <span class="price text--strong" >$4.99</span>
        </div>
    </div>



                            
                                <div class="grid__item portable-up--three-fifths">
                                    <div class="item-product__info palm--hide">
                                        <div class="text--small">
                                            $0.83 / 100G
                                        </div>
                                    </div>
                                </div>
                            
                        </div>
                    </div>
                </div>

            </div>
            <div class="grid__item">
                <div class="item-product__controls push--bottom">
                    

<div class="add-to-cart js-add-to-cart js-using-cart js-tutorial-addtocart">
	<span class="feedback">
		Product added to cart
	</span>

	<span class="hidden js-product-id">
		<input type="hidden" name="body_0$main_1$ProductSearch$GroceryBrowsing$TemplateResult$SearchResultListView$ctrl0$ctl01$ctl00$AddToCartButton$FldProduct" id="body_0_main_1_ProductSearch_GroceryBrowsing_TemplateResult_SearchResultListView_ctrl0_ctl00_1_AddToCartButton_1_FldProduct_1" value="00000_000000005599104045" />
	</span>
	<span class="hidden js-product-name">
		<input type="hidden" name="body_0$main_1$ProductSearch$GroceryBrowsing$TemplateResult$SearchResultListView$ctrl0$ctl01$ctl00$AddToCartButton$FldProductName" id="body_0_main_1_ProductSearch_GroceryBrowsing_TemplateResult_SearchResultListView_ctrl0_ctl00_1_AddToCartButton_1_FldProductName_1" />
	</span>
	<span class="hidden js-product-price">
		<input type="hidden" name="body_0$main_1$ProductSearch$GroceryBrowsing$TemplateResult$SearchResultListView$ctrl0$ctl01$ctl00$AddToCartButton$FldProductPrice" id="body_0_main_1_ProductSearch_GroceryBrowsing_TemplateResult_SearchResultListView_ctrl0_ctl00_1_AddToCartButton_1_FldProductPrice_1" />
	</span>
    <span class="hidden js-product-isnewprice">
		<input type="hidden" name="body_0$main_1$ProductSearch$GroceryBrowsing$TemplateResult$SearchResultListView$ctrl0$ctl01$ctl00$AddToCartButton$FldProductIsNewPrice" id="body_0_main_1_ProductSearch_GroceryBrowsing_TemplateResult_SearchResultListView_ctrl0_ctl00_1_AddToCartButton_1_FldProductIsNewPrice_1" />
	</span>
    <span class="hidden js-product-isonsale">
		<input type="hidden" name="body_0$main_1$ProductSearch$GroceryBrowsing$TemplateResult$SearchResultListView$ctrl0$ctl01$ctl00$AddToCartButton$FldProductIsOnSale" id="body_0_main_1_ProductSearch_GroceryBrowsing_TemplateResult_SearchResultListView_ctrl0_ctl00_1_AddToCartButton_1_FldProductIsOnSale_1" />
	</span>
    <span class="hidden js-product-isonpromo">
		<input type="hidden" name="body_0$main_1$ProductSearch$GroceryBrowsing$TemplateResult$SearchResultListView$ctrl0$ctl01$ctl00$AddToCartButton$FldProductIsOnPromo" id="body_0_main_1_ProductSearch_GroceryBrowsing_TemplateResult_SearchResultListView_ctrl0_ctl00_1_AddToCartButton_1_FldProductIsOnPromo_1" />
	</span>
	<span class="hidden js-ga-addToCart">
		<input type="hidden" name="body_0$main_1$ProductSearch$GroceryBrowsing$TemplateResult$SearchResultListView$ctrl0$ctl01$ctl00$AddToCartButton$FldProductItemAddName" id="body_0_main_1_ProductSearch_GroceryBrowsing_TemplateResult_SearchResultListView_ctrl0_ctl00_1_AddToCartButton_1_FldProductItemAddName_1" />
		<input type="hidden" name="body_0$main_1$ProductSearch$GroceryBrowsing$TemplateResult$SearchResultListView$ctrl0$ctl01$ctl00$AddToCartButton$FldProductItemAddPrice" id="body_0_main_1_ProductSearch_GroceryBrowsing_TemplateResult_SearchResultListView_ctrl0_ctl00_1_AddToCartButton_1_FldProductItemAddPrice_1" />
        <input type="hidden" name="body_0$main_1$ProductSearch$GroceryBrowsing$TemplateResult$SearchResultListView$ctrl0$ctl01$ctl00$AddToCartButton$FldProductItemAddIsNewPrice" id="body_0_main_1_ProductSearch_GroceryBrowsing_TemplateResult_SearchResultListView_ctrl0_ctl00_1_AddToCartButton_1_FldProductItemAddIsNewPrice_1" />
        <input type="hidden" name="body_0$main_1$ProductSearch$GroceryBrowsing$TemplateResult$SearchResultListView$ctrl0$ctl01$ctl00$AddToCartButton$FldProductItemAddIsOnSale" id="body_0_main_1_ProductSearch_GroceryBrowsing_TemplateResult_SearchResultListView_ctrl0_ctl00_1_AddToCartButton_1_FldProductItemAddIsOnSale_1" />
        <input type="hidden" name="body_0$main_1$ProductSearch$GroceryBrowsing$TemplateResult$SearchResultListView$ctrl0$ctl01$ctl00$AddToCartButton$FldProductItemAddIsOnPromo" id="body_0_main_1_ProductSearch_GroceryBrowsing_TemplateResult_SearchResultListView_ctrl0_ctl00_1_AddToCartButton_1_FldProductItemAddIsOnPromo_1" />
	</span>

	
	<div class="controls push-half--bottom">
		<div class="grid grid--full grid--middle" data-bind="visible: quantity()" style="display:none">
            <div class="grid__item one-third text--left">
                <a href="#" class="btn btn--default item-product__overlay-btn js-ga-decrement" data-bind="click: decrement"><span class="item-product__overlay-btn-label item-product__overlay-minus"><span class="visuallyhidden">-</span></span></a>
            </div>
            <div class="grid__item one-third text--center">
                <label for="body_0_main_1_ProductSearch_GroceryBrowsing_TemplateResult_SearchResultListView_ctrl0_ctl00_1_AddToCartButton_1_TxtNumber_1" id="body_0_main_1_ProductSearch_GroceryBrowsing_TemplateResult_SearchResultListView_ctrl0_ctl00_1_AddToCartButton_1_TxtQtyLabel_1" class="accessibility">Quantity for:  Squirrelly Bread $4.99</label>
                <input name="body_0$main_1$ProductSearch$GroceryBrowsing$TemplateResult$SearchResultListView$ctrl0$ctl01$ctl00$AddToCartButton$TxtNumber" type="number" value="1" id="body_0_main_1_ProductSearch_GroceryBrowsing_TemplateResult_SearchResultListView_ctrl0_ctl00_1_AddToCartButton_1_TxtNumber_1" class="js-add-to-cart-quantity" data-bind="&#39;value&#39;: editedQuantity, &#39;valueUpdate&#39;: &#39;afterkeydown&#39;, &#39;enterkey&#39;: saveEditedQuantity, hasFocus: isBeingEdited, selectAllOnClick: true, event: { blur: saveEditedQuantity }" />
            </div>
            <div class="grid__item one-third text--right">
                <a href="#" class="btn btn--default item-product__overlay-btn js-ga-increment" data-bind="click: increment, css: {'is-disabled': isQuantityMaxed}"><span class="item-product__overlay-btn-label item-product__overlay-plus"><span class="visuallyhidden">+</span></span></a>
            </div>
		</div>
		<span class="control  control--fluid controls__add">
			<button data-bind="'click': saveEditedQuantity, visible: !quantity()" class="btn  btn--default  btn--full-width  relative">
				Add to Cart
			</button>
		</span>
	</div>
</div>


                    


<div class="grid grid--full grid--middle js-product-comment-add-to-list-box" style="display: none" data-bind="visible: quantity() && isCommentMustVisible()">
    <div class="grid__item three-quarters text--center">
        <a id="body_0_main_1_ProductSearch_GroceryBrowsing_TemplateResult_SearchResultListView_ctrl0_ctl00_1_AddToListButton_1_BtnAddToListCart_1" class="btn btn--hollow btn--full-width push-half--bottom relative item-product__add-to-list js-addtolist-cta" href="/my-account/login?item=%2fshop-online%2ffrozen" title="Add item to list" class="item-product__add-to-list  js-addtolist-cta" data-comment-hyperlink="1" style="font-size: 12px;">
            <span style="display:inline-block;position:relative;background:inherit;">
                <span class="icn icn-item-list-icon palm--hide"></span>&nbsp;
            </span>
    
            Add to List
            <span class="js-added-to-list-notification item-product__added-to-list-notification" style="display: none; margin-top: -1px;">
                    <span class="icon icon--check icon--medium text--valid push--top"></span>
                </span>
        </a>
    </div>
    <div class="grid__item one-quarter js-add-comment-product-btn text--right" data-bind="template: { afterRender: initAddToList }">

        <button class="btn btn--hollow item-product__overlay-btn js-add-comment-cta push-half--bottom relative" data-bind="css: { 'btn--dark': customerComment() != '' && customerComment() != null }, click: openComentPopup" title="Comment">
            <span class="item-product__overlay-btn-label"><span class="icn" data-bind="css: { 'icon-comment-bubble-filled': customerComment() != '' && customerComment() != null, 'icon-comment-bubble-empty ': customerComment() == '' || customerComment() == null }"></span></span>
        </button>
    </div>
</div>

<div data-bind="visible: !quantity() || !isCommentMustVisible()">
    <a id="body_0_main_1_ProductSearch_GroceryBrowsing_TemplateResult_SearchResultListView_ctrl0_ctl00_1_AddToListButton_1_BtnAddToList_1" class="btn btn--hollow btn--full-width push-half--bottom relative item-product__add-to-list js-addtolist-cta" data-bind="visible: !quantity() || !isCommentMustVisible()" href="/my-account/login?item=%2fshop-online%2ffrozen" title="Add item to list" class="item-product__add-to-list  js-addtolist-cta" data-comment-hyperlink="0">
        <span style="display:inline-block;position:relative;background:inherit;">
            <span class="icn icn-item-list-icon palm--hide"></span>&nbsp;
        </span>
    
        Add to List
            <span class="js-added-to-list-notification item-product__added-to-list-notification" style="display: none; margin-top: -1px;">
                <span class="icon icon--check icon--medium text--valid push--top"></span>
            </span>
    </a>
</div>

<input type="hidden" name="body_0$main_1$ProductSearch$GroceryBrowsing$TemplateResult$SearchResultListView$ctrl0$ctl01$ctl00$AddToListButton$HidCommentVisible" id="body_0_main_1_ProductSearch_GroceryBrowsing_TemplateResult_SearchResultListView_ctrl0_ctl00_1_AddToListButton_1_HidCommentVisible_1" value="1" />

                </div>
            </div>
        </div>
    </div>
</div>

        
	</div>
    
        <div id="body_0_main_1_ProductSearch_GroceryBrowsing_TemplateResult_SearchResultListView_ctrl0_ItemTemplatePanel_2" class="product-tile push--bottom grid__item slim palm--one-half portable--two-quarters desk--one-quarter">
		
            

<div class="item-product js-product js-equalized js-addtolist-container js-ga" data-product="{'ProductId':'00000_000000005833617000','BrandName':'Dr. Oetker','FullDisplayName':'Ristorante Thin Crust Spinach Pizza','IsAgeRequired':false,'SizeLabel':'','Size':'390 g','ProductUrl':'/product/pizzaristorante-thin-crust-spinach/00000_000000005833617000','ProductImageUrl':'https://az836796.vo.msecnd.net/media/image/product/en/medium/0005833617000.jpg','HasNewPrice':false,'PromotionName':null,'RegularPrice':6.49000,'SalesPrice':5.99000,'CustomerProductComment':null,'PopularityFactor':215.0}" data-bind="onceWith: products.createOrUpdate($element.getAttribute('data-product'))">
    <div class="popular-ribbon" data-bind="visible: popularityFactor() != null && popularityFactor() > 0" style="display: none">
        <span class="ribbon">
            Popular
        </span>
    </div>
    <div class="item-product" data-bind="css: { 'is-in-cart': quantity() }">
        <div class="grid">
            <div class="grid__item">
                <div class="media-overlay js-overlay-controls">
                    <a id="body_0_main_1_ProductSearch_GroceryBrowsing_TemplateResult_SearchResultListView_ctrl0_ctl00_2_ImageLink_2" tabindex="-1" title="Ristorante Thin Crust Spinach Pizza" class="js-ga-productimage" aria-hidden="true" role="presentation" href="/product/pizzaristorante-thin-crust-spinach/00000_000000005833617000"><img id="body_0_main_1_ProductSearch_GroceryBrowsing_TemplateResult_SearchResultListView_ctrl0_ctl00_2_ProductImage_2" class="fluid" onerror="this.onerror=null; this.src=globalSettings.ProductImages.Small" role="presentation" src="https://az836796.vo.msecnd.net/media/image/product/en/small/0005833617000.jpg" /></a>
                    
                    
                    <div class="item-product__overlay item-product__overlay--full-height" data-bind="visible: quantity()" style="display: none;">
                        <div>
                            <span class="item-product__quantity js-product-quantity" data-bind="'text': quantity"></span>
                            In your cart
                        </div>
                    </div>
                </div>
            </div>
            <div class="grid__item">
                <div class="item-product__content push--top">
                    <div class="js-equalized-sub-item push-medium--bottom">
                        <div id="body_0_main_1_ProductSearch_GroceryBrowsing_TemplateResult_SearchResultListView_ctrl0_ctl00_2_BrandNameZone_2" class="item-product__brand push--top">
                            Dr. Oetker
                        </div>

                        <h3 class="h4-like">
                            <a id="body_0_main_1_ProductSearch_GroceryBrowsing_TemplateResult_SearchResultListView_ctrl0_ctl00_2_NavigateTo_2" class="js-ga-productname" aria-label="Ristorante Thin Crust Spinach Pizza" href="/product/pizzaristorante-thin-crust-spinach/00000_000000005833617000">Ristorante Thin Crust Spinach Pizza</a>
                        </h3>


                        <div id="body_0_main_1_ProductSearch_GroceryBrowsing_TemplateResult_SearchResultListView_ctrl0_ctl00_2_SizeZone_2" class="item-product__info">
                                
                                

                                390 g
                            </div>
                    </div>
                    <div id="body_0_main_1_ProductSearch_GroceryBrowsing_TemplateResult_SearchResultListView_ctrl0_ctl00_2_ListOfPrices_2" class="item-product__prices js-equalized-sub-item2 on-sale">
                        <div class="grid grid--middle">
                            

    <div class="grid__item push-medium--bottom">
        <div class="item-product__price--sale">
            <span class="text--strong">
                <span class="price text--strong" >$5.99</span>
            </span>
        </div>
    </div>



    <div class="grid__item portable-up--two-fifths">
        <div class="item-product__price">
            <span class="price-amount">$6.49</span>
        </div>
    </div>


                            
                                <div class="grid__item portable-up--three-fifths">
                                    <div class="item-product__info palm--hide">
                                        <div class="text--small">
                                            $1.54 / 100G
                                        </div>
                                    </div>
                                </div>
                            
                        </div>
                    </div>
                </div>

            </div>
            <div class="grid__item">
                <div class="item-product__controls push--bottom">
                    

<div class="add-to-cart js-add-to-cart js-using-cart js-tutorial-addtocart">
	<span class="feedback">
		Product added to cart
	</span>

	<span class="hidden js-product-id">
		<input type="hidden" name="body_0$main_1$ProductSearch$GroceryBrowsing$TemplateResult$SearchResultListView$ctrl0$ctl02$ctl00$AddToCartButton$FldProduct" id="body_0_main_1_ProductSearch_GroceryBrowsing_TemplateResult_SearchResultListView_ctrl0_ctl00_2_AddToCartButton_2_FldProduct_2" value="00000_000000005833617000" />
	</span>
	<span class="hidden js-product-name">
		<input type="hidden" name="body_0$main_1$ProductSearch$GroceryBrowsing$TemplateResult$SearchResultListView$ctrl0$ctl02$ctl00$AddToCartButton$FldProductName" id="body_0_main_1_ProductSearch_GroceryBrowsing_TemplateResult_SearchResultListView_ctrl0_ctl00_2_AddToCartButton_2_FldProductName_2" />
	</span>
	<span class="hidden js-product-price">
		<input type="hidden" name="body_0$main_1$ProductSearch$GroceryBrowsing$TemplateResult$SearchResultListView$ctrl0$ctl02$ctl00$AddToCartButton$FldProductPrice" id="body_0_main_1_ProductSearch_GroceryBrowsing_TemplateResult_SearchResultListView_ctrl0_ctl00_2_AddToCartButton_2_FldProductPrice_2" />
	</span>
    <span class="hidden js-product-isnewprice">
		<input type="hidden" name="body_0$main_1$ProductSearch$GroceryBrowsing$TemplateResult$SearchResultListView$ctrl0$ctl02$ctl00$AddToCartButton$FldProductIsNewPrice" id="body_0_main_1_ProductSearch_GroceryBrowsing_TemplateResult_SearchResultListView_ctrl0_ctl00_2_AddToCartButton_2_FldProductIsNewPrice_2" />
	</span>
    <span class="hidden js-product-isonsale">
		<input type="hidden" name="body_0$main_1$ProductSearch$GroceryBrowsing$TemplateResult$SearchResultListView$ctrl0$ctl02$ctl00$AddToCartButton$FldProductIsOnSale" id="body_0_main_1_ProductSearch_GroceryBrowsing_TemplateResult_SearchResultListView_ctrl0_ctl00_2_AddToCartButton_2_FldProductIsOnSale_2" />
	</span>
    <span class="hidden js-product-isonpromo">
		<input type="hidden" name="body_0$main_1$ProductSearch$GroceryBrowsing$TemplateResult$SearchResultListView$ctrl0$ctl02$ctl00$AddToCartButton$FldProductIsOnPromo" id="body_0_main_1_ProductSearch_GroceryBrowsing_TemplateResult_SearchResultListView_ctrl0_ctl00_2_AddToCartButton_2_FldProductIsOnPromo_2" />
	</span>
	<span class="hidden js-ga-addToCart">
		<input type="hidden" name="body_0$main_1$ProductSearch$GroceryBrowsing$TemplateResult$SearchResultListView$ctrl0$ctl02$ctl00$AddToCartButton$FldProductItemAddName" id="body_0_main_1_ProductSearch_GroceryBrowsing_TemplateResult_SearchResultListView_ctrl0_ctl00_2_AddToCartButton_2_FldProductItemAddName_2" />
		<input type="hidden" name="body_0$main_1$ProductSearch$GroceryBrowsing$TemplateResult$SearchResultListView$ctrl0$ctl02$ctl00$AddToCartButton$FldProductItemAddPrice" id="body_0_main_1_ProductSearch_GroceryBrowsing_TemplateResult_SearchResultListView_ctrl0_ctl00_2_AddToCartButton_2_FldProductItemAddPrice_2" />
        <input type="hidden" name="body_0$main_1$ProductSearch$GroceryBrowsing$TemplateResult$SearchResultListView$ctrl0$ctl02$ctl00$AddToCartButton$FldProductItemAddIsNewPrice" id="body_0_main_1_ProductSearch_GroceryBrowsing_TemplateResult_SearchResultListView_ctrl0_ctl00_2_AddToCartButton_2_FldProductItemAddIsNewPrice_2" />
        <input type="hidden" name="body_0$main_1$ProductSearch$GroceryBrowsing$TemplateResult$SearchResultListView$ctrl0$ctl02$ctl00$AddToCartButton$FldProductItemAddIsOnSale" id="body_0_main_1_ProductSearch_GroceryBrowsing_TemplateResult_SearchResultListView_ctrl0_ctl00_2_AddToCartButton_2_FldProductItemAddIsOnSale_2" />
        <input type="hidden" name="body_0$main_1$ProductSearch$GroceryBrowsing$TemplateResult$SearchResultListView$ctrl0$ctl02$ctl00$AddToCartButton$FldProductItemAddIsOnPromo" id="body_0_main_1_ProductSearch_GroceryBrowsing_TemplateResult_SearchResultListView_ctrl0_ctl00_2_AddToCartButton_2_FldProductItemAddIsOnPromo_2" />
	</span>

	
	<div class="controls push-half--bottom">
		<div class="grid grid--full grid--middle" data-bind="visible: quantity()" style="display:none">
            <div class="grid__item one-third text--left">
                <a href="#" class="btn btn--default item-product__overlay-btn js-ga-decrement" data-bind="click: decrement"><span class="item-product__overlay-btn-label item-product__overlay-minus"><span class="visuallyhidden">-</span></span></a>
            </div>
            <div class="grid__item one-third text--center">
                <label for="body_0_main_1_ProductSearch_GroceryBrowsing_TemplateResult_SearchResultListView_ctrl0_ctl00_2_AddToCartButton_2_TxtNumber_2" id="body_0_main_1_ProductSearch_GroceryBrowsing_TemplateResult_SearchResultListView_ctrl0_ctl00_2_AddToCartButton_2_TxtQtyLabel_2" class="accessibility">Quantity for:  Ristorante Thin Crust Spinach Pizza $5.99</label>
                <input name="body_0$main_1$ProductSearch$GroceryBrowsing$TemplateResult$SearchResultListView$ctrl0$ctl02$ctl00$AddToCartButton$TxtNumber" type="number" value="1" id="body_0_main_1_ProductSearch_GroceryBrowsing_TemplateResult_SearchResultListView_ctrl0_ctl00_2_AddToCartButton_2_TxtNumber_2" class="js-add-to-cart-quantity" data-bind="&#39;value&#39;: editedQuantity, &#39;valueUpdate&#39;: &#39;afterkeydown&#39;, &#39;enterkey&#39;: saveEditedQuantity, hasFocus: isBeingEdited, selectAllOnClick: true, event: { blur: saveEditedQuantity }" />
            </div>
            <div class="grid__item one-third text--right">
                <a href="#" class="btn btn--default item-product__overlay-btn js-ga-increment" data-bind="click: increment, css: {'is-disabled': isQuantityMaxed}"><span class="item-product__overlay-btn-label item-product__overlay-plus"><span class="visuallyhidden">+</span></span></a>
            </div>
		</div>
		<span class="control  control--fluid controls__add">
			<button data-bind="'click': saveEditedQuantity, visible: !quantity()" class="btn  btn--default  btn--full-width  relative">
				Add to Cart
			</button>
		</span>
	</div>
</div>


                    


<div class="grid grid--full grid--middle js-product-comment-add-to-list-box" style="display: none" data-bind="visible: quantity() && isCommentMustVisible()">
    <div class="grid__item three-quarters text--center">
        <a id="body_0_main_1_ProductSearch_GroceryBrowsing_TemplateResult_SearchResultListView_ctrl0_ctl00_2_AddToListButton_2_BtnAddToListCart_2" class="btn btn--hollow btn--full-width push-half--bottom relative item-product__add-to-list js-addtolist-cta" href="/my-account/login?item=%2fshop-online%2ffrozen" title="Add item to list" class="item-product__add-to-list  js-addtolist-cta" data-comment-hyperlink="1" style="font-size: 12px;">
            <span style="display:inline-block;position:relative;background:inherit;">
                <span class="icn icn-item-list-icon palm--hide"></span>&nbsp;
            </span>
    
            Add to List
            <span class="js-added-to-list-notification item-product__added-to-list-notification" style="display: none; margin-top: -1px;">
                    <span class="icon icon--check icon--medium text--valid push--top"></span>
                </span>
        </a>
    </div>
    <div class="grid__item one-quarter js-add-comment-product-btn text--right" data-bind="template: { afterRender: initAddToList }">

        <button class="btn btn--hollow item-product__overlay-btn js-add-comment-cta push-half--bottom relative" data-bind="css: { 'btn--dark': customerComment() != '' && customerComment() != null }, click: openComentPopup" title="Comment">
            <span class="item-product__overlay-btn-label"><span class="icn" data-bind="css: { 'icon-comment-bubble-filled': customerComment() != '' && customerComment() != null, 'icon-comment-bubble-empty ': customerComment() == '' || customerComment() == null }"></span></span>
        </button>
    </div>
</div>

<div data-bind="visible: !quantity() || !isCommentMustVisible()">
    <a id="body_0_main_1_ProductSearch_GroceryBrowsing_TemplateResult_SearchResultListView_ctrl0_ctl00_2_AddToListButton_2_BtnAddToList_2" class="btn btn--hollow btn--full-width push-half--bottom relative item-product__add-to-list js-addtolist-cta" data-bind="visible: !quantity() || !isCommentMustVisible()" href="/my-account/login?item=%2fshop-online%2ffrozen" title="Add item to list" class="item-product__add-to-list  js-addtolist-cta" data-comment-hyperlink="0">
        <span style="display:inline-block;position:relative;background:inherit;">
            <span class="icn icn-item-list-icon palm--hide"></span>&nbsp;
        </span>
    
        Add to List
            <span class="js-added-to-list-notification item-product__added-to-list-notification" style="display: none; margin-top: -1px;">
                <span class="icon icon--check icon--medium text--valid push--top"></span>
            </span>
    </a>
</div>

<input type="hidden" name="body_0$main_1$ProductSearch$GroceryBrowsing$TemplateResult$SearchResultListView$ctrl0$ctl02$ctl00$AddToListButton$HidCommentVisible" id="body_0_main_1_ProductSearch_GroceryBrowsing_TemplateResult_SearchResultListView_ctrl0_ctl00_2_AddToListButton_2_HidCommentVisible_2" value="1" />

                </div>
            </div>
        </div>
    </div>
</div>

        
	</div>
    
        <div id="body_0_main_1_ProductSearch_GroceryBrowsing_TemplateResult_SearchResultListView_ctrl0_ItemTemplatePanel_3" class="product-tile push--bottom grid__item slim palm--one-half portable--two-quarters desk--one-quarter">
		
            

<div class="item-product js-product js-equalized js-addtolist-container js-ga" data-product="{'ProductId':'00000_000000019056942325','BrandName':'Green Giant','FullDisplayName':' Peaches & Cream Corn','IsAgeRequired':false,'SizeLabel':'','Size':'750 g','ProductUrl':'/product/peaches--cream-corn/00000_000000019056942325','ProductImageUrl':'https://az836796.vo.msecnd.net/media/image/product/en/medium/0019056942325.jpg','HasNewPrice':false,'PromotionName':null,'RegularPrice':3.99000,'SalesPrice':2.50000,'CustomerProductComment':null,'PopularityFactor':221.5}" data-bind="onceWith: products.createOrUpdate($element.getAttribute('data-product'))">
    <div class="popular-ribbon" data-bind="visible: popularityFactor() != null && popularityFactor() > 0" style="display: none">
        <span class="ribbon">
            Popular
        </span>
    </div>
    <div class="item-product" data-bind="css: { 'is-in-cart': quantity() }">
        <div class="grid">
            <div class="grid__item">
                <div class="media-overlay js-overlay-controls">
                    <a id="body_0_main_1_ProductSearch_GroceryBrowsing_TemplateResult_SearchResultListView_ctrl0_ctl00_3_ImageLink_3" tabindex="-1" title=" Peaches &amp; Cream Corn" class="js-ga-productimage" aria-hidden="true" role="presentation" href="/product/peaches--cream-corn/00000_000000019056942325"><img id="body_0_main_1_ProductSearch_GroceryBrowsing_TemplateResult_SearchResultListView_ctrl0_ctl00_3_ProductImage_3" class="fluid" onerror="this.onerror=null; this.src=globalSettings.ProductImages.Small" role="presentation" src="https://az836796.vo.msecnd.net/media/image/product/en/small/0019056942325.jpg" /></a>
                    
                    
                    <div class="item-product__overlay item-product__overlay--full-height" data-bind="visible: quantity()" style="display: none;">
                        <div>
                            <span class="item-product__quantity js-product-quantity" data-bind="'text': quantity"></span>
                            In your cart
                        </div>
                    </div>
                </div>
            </div>
            <div class="grid__item">
                <div class="item-product__content push--top">
                    <div class="js-equalized-sub-item push-medium--bottom">
                        <div id="body_0_main_1_ProductSearch_GroceryBrowsing_TemplateResult_SearchResultListView_ctrl0_ctl00_3_BrandNameZone_3" class="item-product__brand push--top">
                            Green Giant
                        </div>

                        <h3 class="h4-like">
                            <a id="body_0_main_1_ProductSearch_GroceryBrowsing_TemplateResult_SearchResultListView_ctrl0_ctl00_3_NavigateTo_3" class="js-ga-productname" aria-label=" Peaches &amp; Cream Corn" href="/product/peaches--cream-corn/00000_000000019056942325"> Peaches & Cream Corn</a>
                        </h3>


                        <div id="body_0_main_1_ProductSearch_GroceryBrowsing_TemplateResult_SearchResultListView_ctrl0_ctl00_3_SizeZone_3" class="item-product__info">
                                
                                

                                750 g
                            </div>
                    </div>
                    <div id="body_0_main_1_ProductSearch_GroceryBrowsing_TemplateResult_SearchResultListView_ctrl0_ctl00_3_ListOfPrices_3" class="item-product__prices js-equalized-sub-item2 on-sale">
                        <div class="grid grid--middle">
                            

    <div class="grid__item push-medium--bottom">
        <div class="item-product__price--sale">
            <span class="text--strong">
                <span class="price text--strong" >$2.50</span>
            </span>
        </div>
    </div>



    <div class="grid__item portable-up--two-fifths">
        <div class="item-product__price">
            <span class="price-amount">$3.99</span>
        </div>
    </div>


                            
                                <div class="grid__item portable-up--three-fifths">
                                    <div class="item-product__info palm--hide">
                                        <div class="text--small">
                                            $0.33 / 100G
                                        </div>
                                    </div>
                                </div>
                            
                        </div>
                    </div>
                </div>

            </div>
            <div class="grid__item">
                <div class="item-product__controls push--bottom">
                    

<div class="add-to-cart js-add-to-cart js-using-cart js-tutorial-addtocart">
	<span class="feedback">
		Product added to cart
	</span>

	<span class="hidden js-product-id">
		<input type="hidden" name="body_0$main_1$ProductSearch$GroceryBrowsing$TemplateResult$SearchResultListView$ctrl0$ctl03$ctl00$AddToCartButton$FldProduct" id="body_0_main_1_ProductSearch_GroceryBrowsing_TemplateResult_SearchResultListView_ctrl0_ctl00_3_AddToCartButton_3_FldProduct_3" value="00000_000000019056942325" />
	</span>
	<span class="hidden js-product-name">
		<input type="hidden" name="body_0$main_1$ProductSearch$GroceryBrowsing$TemplateResult$SearchResultListView$ctrl0$ctl03$ctl00$AddToCartButton$FldProductName" id="body_0_main_1_ProductSearch_GroceryBrowsing_TemplateResult_SearchResultListView_ctrl0_ctl00_3_AddToCartButton_3_FldProductName_3" />
	</span>
	<span class="hidden js-product-price">
		<input type="hidden" name="body_0$main_1$ProductSearch$GroceryBrowsing$TemplateResult$SearchResultListView$ctrl0$ctl03$ctl00$AddToCartButton$FldProductPrice" id="body_0_main_1_ProductSearch_GroceryBrowsing_TemplateResult_SearchResultListView_ctrl0_ctl00_3_AddToCartButton_3_FldProductPrice_3" />
	</span>
    <span class="hidden js-product-isnewprice">
		<input type="hidden" name="body_0$main_1$ProductSearch$GroceryBrowsing$TemplateResult$SearchResultListView$ctrl0$ctl03$ctl00$AddToCartButton$FldProductIsNewPrice" id="body_0_main_1_ProductSearch_GroceryBrowsing_TemplateResult_SearchResultListView_ctrl0_ctl00_3_AddToCartButton_3_FldProductIsNewPrice_3" />
	</span>
    <span class="hidden js-product-isonsale">
		<input type="hidden" name="body_0$main_1$ProductSearch$GroceryBrowsing$TemplateResult$SearchResultListView$ctrl0$ctl03$ctl00$AddToCartButton$FldProductIsOnSale" id="body_0_main_1_ProductSearch_GroceryBrowsing_TemplateResult_SearchResultListView_ctrl0_ctl00_3_AddToCartButton_3_FldProductIsOnSale_3" />
	</span>
    <span class="hidden js-product-isonpromo">
		<input type="hidden" name="body_0$main_1$ProductSearch$GroceryBrowsing$TemplateResult$SearchResultListView$ctrl0$ctl03$ctl00$AddToCartButton$FldProductIsOnPromo" id="body_0_main_1_ProductSearch_GroceryBrowsing_TemplateResult_SearchResultListView_ctrl0_ctl00_3_AddToCartButton_3_FldProductIsOnPromo_3" />
	</span>
	<span class="hidden js-ga-addToCart">
		<input type="hidden" name="body_0$main_1$ProductSearch$GroceryBrowsing$TemplateResult$SearchResultListView$ctrl0$ctl03$ctl00$AddToCartButton$FldProductItemAddName" id="body_0_main_1_ProductSearch_GroceryBrowsing_TemplateResult_SearchResultListView_ctrl0_ctl00_3_AddToCartButton_3_FldProductItemAddName_3" />
		<input type="hidden" name="body_0$main_1$ProductSearch$GroceryBrowsing$TemplateResult$SearchResultListView$ctrl0$ctl03$ctl00$AddToCartButton$FldProductItemAddPrice" id="body_0_main_1_ProductSearch_GroceryBrowsing_TemplateResult_SearchResultListView_ctrl0_ctl00_3_AddToCartButton_3_FldProductItemAddPrice_3" />
        <input type="hidden" name="body_0$main_1$ProductSearch$GroceryBrowsing$TemplateResult$SearchResultListView$ctrl0$ctl03$ctl00$AddToCartButton$FldProductItemAddIsNewPrice" id="body_0_main_1_ProductSearch_GroceryBrowsing_TemplateResult_SearchResultListView_ctrl0_ctl00_3_AddToCartButton_3_FldProductItemAddIsNewPrice_3" />
        <input type="hidden" name="body_0$main_1$ProductSearch$GroceryBrowsing$TemplateResult$SearchResultListView$ctrl0$ctl03$ctl00$AddToCartButton$FldProductItemAddIsOnSale" id="body_0_main_1_ProductSearch_GroceryBrowsing_TemplateResult_SearchResultListView_ctrl0_ctl00_3_AddToCartButton_3_FldProductItemAddIsOnSale_3" />
        <input type="hidden" name="body_0$main_1$ProductSearch$GroceryBrowsing$TemplateResult$SearchResultListView$ctrl0$ctl03$ctl00$AddToCartButton$FldProductItemAddIsOnPromo" id="body_0_main_1_ProductSearch_GroceryBrowsing_TemplateResult_SearchResultListView_ctrl0_ctl00_3_AddToCartButton_3_FldProductItemAddIsOnPromo_3" />
	</span>

	
	<div class="controls push-half--bottom">
		<div class="grid grid--full grid--middle" data-bind="visible: quantity()" style="display:none">
            <div class="grid__item one-third text--left">
                <a href="#" class="btn btn--default item-product__overlay-btn js-ga-decrement" data-bind="click: decrement"><span class="item-product__overlay-btn-label item-product__overlay-minus"><span class="visuallyhidden">-</span></span></a>
            </div>
            <div class="grid__item one-third text--center">
                <label for="body_0_main_1_ProductSearch_GroceryBrowsing_TemplateResult_SearchResultListView_ctrl0_ctl00_3_AddToCartButton_3_TxtNumber_3" id="body_0_main_1_ProductSearch_GroceryBrowsing_TemplateResult_SearchResultListView_ctrl0_ctl00_3_AddToCartButton_3_TxtQtyLabel_3" class="accessibility">Quantity for:   Peaches &amp; Cream Corn $2.50</label>
                <input name="body_0$main_1$ProductSearch$GroceryBrowsing$TemplateResult$SearchResultListView$ctrl0$ctl03$ctl00$AddToCartButton$TxtNumber" type="number" value="1" id="body_0_main_1_ProductSearch_GroceryBrowsing_TemplateResult_SearchResultListView_ctrl0_ctl00_3_AddToCartButton_3_TxtNumber_3" class="js-add-to-cart-quantity" data-bind="&#39;value&#39;: editedQuantity, &#39;valueUpdate&#39;: &#39;afterkeydown&#39;, &#39;enterkey&#39;: saveEditedQuantity, hasFocus: isBeingEdited, selectAllOnClick: true, event: { blur: saveEditedQuantity }" />
            </div>
            <div class="grid__item one-third text--right">
                <a href="#" class="btn btn--default item-product__overlay-btn js-ga-increment" data-bind="click: increment, css: {'is-disabled': isQuantityMaxed}"><span class="item-product__overlay-btn-label item-product__overlay-plus"><span class="visuallyhidden">+</span></span></a>
            </div>
		</div>
		<span class="control  control--fluid controls__add">
			<button data-bind="'click': saveEditedQuantity, visible: !quantity()" class="btn  btn--default  btn--full-width  relative">
				Add to Cart
			</button>
		</span>
	</div>
</div>


                    


<div class="grid grid--full grid--middle js-product-comment-add-to-list-box" style="display: none" data-bind="visible: quantity() && isCommentMustVisible()">
    <div class="grid__item three-quarters text--center">
        <a id="body_0_main_1_ProductSearch_GroceryBrowsing_TemplateResult_SearchResultListView_ctrl0_ctl00_3_AddToListButton_3_BtnAddToListCart_3" class="btn btn--hollow btn--full-width push-half--bottom relative item-product__add-to-list js-addtolist-cta" href="/my-account/login?item=%2fshop-online%2ffrozen" title="Add item to list" class="item-product__add-to-list  js-addtolist-cta" data-comment-hyperlink="1" style="font-size: 12px;">
            <span style="display:inline-block;position:relative;background:inherit;">
                <span class="icn icn-item-list-icon palm--hide"></span>&nbsp;
            </span>
    
            Add to List
            <span class="js-added-to-list-notification item-product__added-to-list-notification" style="display: none; margin-top: -1px;">
                    <span class="icon icon--check icon--medium text--valid push--top"></span>
                </span>
        </a>
    </div>
    <div class="grid__item one-quarter js-add-comment-product-btn text--right" data-bind="template: { afterRender: initAddToList }">

        <button class="btn btn--hollow item-product__overlay-btn js-add-comment-cta push-half--bottom relative" data-bind="css: { 'btn--dark': customerComment() != '' && customerComment() != null }, click: openComentPopup" title="Comment">
            <span class="item-product__overlay-btn-label"><span class="icn" data-bind="css: { 'icon-comment-bubble-filled': customerComment() != '' && customerComment() != null, 'icon-comment-bubble-empty ': customerComment() == '' || customerComment() == null }"></span></span>
        </button>
    </div>
</div>

<div data-bind="visible: !quantity() || !isCommentMustVisible()">
    <a id="body_0_main_1_ProductSearch_GroceryBrowsing_TemplateResult_SearchResultListView_ctrl0_ctl00_3_AddToListButton_3_BtnAddToList_3" class="btn btn--hollow btn--full-width push-half--bottom relative item-product__add-to-list js-addtolist-cta" data-bind="visible: !quantity() || !isCommentMustVisible()" href="/my-account/login?item=%2fshop-online%2ffrozen" title="Add item to list" class="item-product__add-to-list  js-addtolist-cta" data-comment-hyperlink="0">
        <span style="display:inline-block;position:relative;background:inherit;">
            <span class="icn icn-item-list-icon palm--hide"></span>&nbsp;
        </span>
    
        Add to List
            <span class="js-added-to-list-notification item-product__added-to-list-notification" style="display: none; margin-top: -1px;">
                <span class="icon icon--check icon--medium text--valid push--top"></span>
            </span>
    </a>
</div>

<input type="hidden" name="body_0$main_1$ProductSearch$GroceryBrowsing$TemplateResult$SearchResultListView$ctrl0$ctl03$ctl00$AddToListButton$HidCommentVisible" id="body_0_main_1_ProductSearch_GroceryBrowsing_TemplateResult_SearchResultListView_ctrl0_ctl00_3_AddToListButton_3_HidCommentVisible_3" value="1" />

                </div>
            </div>
        </div>
    </div>
</div>

        
	</div>
    
        <div id="body_0_main_1_ProductSearch_GroceryBrowsing_TemplateResult_SearchResultListView_ctrl0_ItemTemplatePanel_4" class="product-tile push--bottom grid__item slim palm--one-half portable--two-quarters desk--one-quarter">
		
            

<div class="item-product js-product js-equalized js-addtolist-container js-ga" data-product="{'ProductId':'00000_000000005574253340','BrandName':'Compliments','FullDisplayName':'Blueberries Frozen Fruit','IsAgeRequired':false,'SizeLabel':'','Size':'600 g','ProductUrl':'/product/frozen-fruitblueberries/00000_000000005574253340','ProductImageUrl':'https://az836796.vo.msecnd.net/media/image/product/en/medium/0005574253340.jpg','HasNewPrice':false,'PromotionName':null,'RegularPrice':5.29000,'SalesPrice':4.99000,'CustomerProductComment':null,'PopularityFactor':284.5}" data-bind="onceWith: products.createOrUpdate($element.getAttribute('data-product'))">
    <div class="popular-ribbon" data-bind="visible: popularityFactor() != null && popularityFactor() > 0" style="display: none">
        <span class="ribbon">
            Popular
        </span>
    </div>
    <div class="item-product" data-bind="css: { 'is-in-cart': quantity() }">
        <div class="grid">
            <div class="grid__item">
                <div class="media-overlay js-overlay-controls">
                    <a id="body_0_main_1_ProductSearch_GroceryBrowsing_TemplateResult_SearchResultListView_ctrl0_ctl00_4_ImageLink_4" tabindex="-1" title="Blueberries Frozen Fruit" class="js-ga-productimage" aria-hidden="true" role="presentation" href="/product/frozen-fruitblueberries/00000_000000005574253340"><img id="body_0_main_1_ProductSearch_GroceryBrowsing_TemplateResult_SearchResultListView_ctrl0_ctl00_4_ProductImage_4" class="fluid" onerror="this.onerror=null; this.src=globalSettings.ProductImages.Small" role="presentation" src="https://az836796.vo.msecnd.net/media/image/product/en/small/0005574253340.jpg" /></a>
                    
                    
                    <div class="item-product__overlay item-product__overlay--full-height" data-bind="visible: quantity()" style="display: none;">
                        <div>
                            <span class="item-product__quantity js-product-quantity" data-bind="'text': quantity"></span>
                            In your cart
                        </div>
                    </div>
                </div>
            </div>
            <div class="grid__item">
                <div class="item-product__content push--top">
                    <div class="js-equalized-sub-item push-medium--bottom">
                        <div id="body_0_main_1_ProductSearch_GroceryBrowsing_TemplateResult_SearchResultListView_ctrl0_ctl00_4_BrandNameZone_4" class="item-product__brand push--top">
                            Compliments
                        </div>

                        <h3 class="h4-like">
                            <a id="body_0_main_1_ProductSearch_GroceryBrowsing_TemplateResult_SearchResultListView_ctrl0_ctl00_4_NavigateTo_4" class="js-ga-productname" aria-label="Blueberries Frozen Fruit" href="/product/frozen-fruitblueberries/00000_000000005574253340">Blueberries Frozen Fruit</a>
                        </h3>


                        <div id="body_0_main_1_ProductSearch_GroceryBrowsing_TemplateResult_SearchResultListView_ctrl0_ctl00_4_SizeZone_4" class="item-product__info">
                                
                                

                                600 g
                            </div>
                    </div>
                    <div id="body_0_main_1_ProductSearch_GroceryBrowsing_TemplateResult_SearchResultListView_ctrl0_ctl00_4_ListOfPrices_4" class="item-product__prices js-equalized-sub-item2 on-sale">
                        <div class="grid grid--middle">
                            

    <div class="grid__item push-medium--bottom">
        <div class="item-product__price--sale">
            <span class="text--strong">
                <span class="price text--strong" >$4.99</span>
            </span>
        </div>
    </div>



    <div class="grid__item portable-up--two-fifths">
        <div class="item-product__price">
            <span class="price-amount">$5.29</span>
        </div>
    </div>


                            
                                <div class="grid__item portable-up--three-fifths">
                                    <div class="item-product__info palm--hide">
                                        <div class="text--small">
                                            $0.83 / 100G
                                        </div>
                                    </div>
                                </div>
                            
                        </div>
                    </div>
                </div>

            </div>
            <div class="grid__item">
                <div class="item-product__controls push--bottom">
                    

<div class="add-to-cart js-add-to-cart js-using-cart js-tutorial-addtocart">
	<span class="feedback">
		Product added to cart
	</span>

	<span class="hidden js-product-id">
		<input type="hidden" name="body_0$main_1$ProductSearch$GroceryBrowsing$TemplateResult$SearchResultListView$ctrl0$ctl04$ctl00$AddToCartButton$FldProduct" id="body_0_main_1_ProductSearch_GroceryBrowsing_TemplateResult_SearchResultListView_ctrl0_ctl00_4_AddToCartButton_4_FldProduct_4" value="00000_000000005574253340" />
	</span>
	<span class="hidden js-product-name">
		<input type="hidden" name="body_0$main_1$ProductSearch$GroceryBrowsing$TemplateResult$SearchResultListView$ctrl0$ctl04$ctl00$AddToCartButton$FldProductName" id="body_0_main_1_ProductSearch_GroceryBrowsing_TemplateResult_SearchResultListView_ctrl0_ctl00_4_AddToCartButton_4_FldProductName_4" />
	</span>
	<span class="hidden js-product-price">
		<input type="hidden" name="body_0$main_1$ProductSearch$GroceryBrowsing$TemplateResult$SearchResultListView$ctrl0$ctl04$ctl00$AddToCartButton$FldProductPrice" id="body_0_main_1_ProductSearch_GroceryBrowsing_TemplateResult_SearchResultListView_ctrl0_ctl00_4_AddToCartButton_4_FldProductPrice_4" />
	</span>
    <span class="hidden js-product-isnewprice">
		<input type="hidden" name="body_0$main_1$ProductSearch$GroceryBrowsing$TemplateResult$SearchResultListView$ctrl0$ctl04$ctl00$AddToCartButton$FldProductIsNewPrice" id="body_0_main_1_ProductSearch_GroceryBrowsing_TemplateResult_SearchResultListView_ctrl0_ctl00_4_AddToCartButton_4_FldProductIsNewPrice_4" />
	</span>
    <span class="hidden js-product-isonsale">
		<input type="hidden" name="body_0$main_1$ProductSearch$GroceryBrowsing$TemplateResult$SearchResultListView$ctrl0$ctl04$ctl00$AddToCartButton$FldProductIsOnSale" id="body_0_main_1_ProductSearch_GroceryBrowsing_TemplateResult_SearchResultListView_ctrl0_ctl00_4_AddToCartButton_4_FldProductIsOnSale_4" />
	</span>
    <span class="hidden js-product-isonpromo">
		<input type="hidden" name="body_0$main_1$ProductSearch$GroceryBrowsing$TemplateResult$SearchResultListView$ctrl0$ctl04$ctl00$AddToCartButton$FldProductIsOnPromo" id="body_0_main_1_ProductSearch_GroceryBrowsing_TemplateResult_SearchResultListView_ctrl0_ctl00_4_AddToCartButton_4_FldProductIsOnPromo_4" />
	</span>
	<span class="hidden js-ga-addToCart">
		<input type="hidden" name="body_0$main_1$ProductSearch$GroceryBrowsing$TemplateResult$SearchResultListView$ctrl0$ctl04$ctl00$AddToCartButton$FldProductItemAddName" id="body_0_main_1_ProductSearch_GroceryBrowsing_TemplateResult_SearchResultListView_ctrl0_ctl00_4_AddToCartButton_4_FldProductItemAddName_4" />
		<input type="hidden" name="body_0$main_1$ProductSearch$GroceryBrowsing$TemplateResult$SearchResultListView$ctrl0$ctl04$ctl00$AddToCartButton$FldProductItemAddPrice" id="body_0_main_1_ProductSearch_GroceryBrowsing_TemplateResult_SearchResultListView_ctrl0_ctl00_4_AddToCartButton_4_FldProductItemAddPrice_4" />
        <input type="hidden" name="body_0$main_1$ProductSearch$GroceryBrowsing$TemplateResult$SearchResultListView$ctrl0$ctl04$ctl00$AddToCartButton$FldProductItemAddIsNewPrice" id="body_0_main_1_ProductSearch_GroceryBrowsing_TemplateResult_SearchResultListView_ctrl0_ctl00_4_AddToCartButton_4_FldProductItemAddIsNewPrice_4" />
        <input type="hidden" name="body_0$main_1$ProductSearch$GroceryBrowsing$TemplateResult$SearchResultListView$ctrl0$ctl04$ctl00$AddToCartButton$FldProductItemAddIsOnSale" id="body_0_main_1_ProductSearch_GroceryBrowsing_TemplateResult_SearchResultListView_ctrl0_ctl00_4_AddToCartButton_4_FldProductItemAddIsOnSale_4" />
        <input type="hidden" name="body_0$main_1$ProductSearch$GroceryBrowsing$TemplateResult$SearchResultListView$ctrl0$ctl04$ctl00$AddToCartButton$FldProductItemAddIsOnPromo" id="body_0_main_1_ProductSearch_GroceryBrowsing_TemplateResult_SearchResultListView_ctrl0_ctl00_4_AddToCartButton_4_FldProductItemAddIsOnPromo_4" />
	</span>

	
	<div class="controls push-half--bottom">
		<div class="grid grid--full grid--middle" data-bind="visible: quantity()" style="display:none">
            <div class="grid__item one-third text--left">
                <a href="#" class="btn btn--default item-product__overlay-btn js-ga-decrement" data-bind="click: decrement"><span class="item-product__overlay-btn-label item-product__overlay-minus"><span class="visuallyhidden">-</span></span></a>
            </div>
            <div class="grid__item one-third text--center">
                <label for="body_0_main_1_ProductSearch_GroceryBrowsing_TemplateResult_SearchResultListView_ctrl0_ctl00_4_AddToCartButton_4_TxtNumber_4" id="body_0_main_1_ProductSearch_GroceryBrowsing_TemplateResult_SearchResultListView_ctrl0_ctl00_4_AddToCartButton_4_TxtQtyLabel_4" class="accessibility">Quantity for:  Blueberries Frozen Fruit $4.99</label>
                <input name="body_0$main_1$ProductSearch$GroceryBrowsing$TemplateResult$SearchResultListView$ctrl0$ctl04$ctl00$AddToCartButton$TxtNumber" type="number" value="1" id="body_0_main_1_ProductSearch_GroceryBrowsing_TemplateResult_SearchResultListView_ctrl0_ctl00_4_AddToCartButton_4_TxtNumber_4" class="js-add-to-cart-quantity" data-bind="&#39;value&#39;: editedQuantity, &#39;valueUpdate&#39;: &#39;afterkeydown&#39;, &#39;enterkey&#39;: saveEditedQuantity, hasFocus: isBeingEdited, selectAllOnClick: true, event: { blur: saveEditedQuantity }" />
            </div>
            <div class="grid__item one-third text--right">
                <a href="#" class="btn btn--default item-product__overlay-btn js-ga-increment" data-bind="click: increment, css: {'is-disabled': isQuantityMaxed}"><span class="item-product__overlay-btn-label item-product__overlay-plus"><span class="visuallyhidden">+</span></span></a>
            </div>
		</div>
		<span class="control  control--fluid controls__add">
			<button data-bind="'click': saveEditedQuantity, visible: !quantity()" class="btn  btn--default  btn--full-width  relative">
				Add to Cart
			</button>
		</span>
	</div>
</div>


                    


<div class="grid grid--full grid--middle js-product-comment-add-to-list-box" style="display: none" data-bind="visible: quantity() && isCommentMustVisible()">
    <div class="grid__item three-quarters text--center">
        <a id="body_0_main_1_ProductSearch_GroceryBrowsing_TemplateResult_SearchResultListView_ctrl0_ctl00_4_AddToListButton_4_BtnAddToListCart_4" class="btn btn--hollow btn--full-width push-half--bottom relative item-product__add-to-list js-addtolist-cta" href="/my-account/login?item=%2fshop-online%2ffrozen" title="Add item to list" class="item-product__add-to-list  js-addtolist-cta" data-comment-hyperlink="1" style="font-size: 12px;">
            <span style="display:inline-block;position:relative;background:inherit;">
                <span class="icn icn-item-list-icon palm--hide"></span>&nbsp;
            </span>
    
            Add to List
            <span class="js-added-to-list-notification item-product__added-to-list-notification" style="display: none; margin-top: -1px;">
                    <span class="icon icon--check icon--medium text--valid push--top"></span>
                </span>
        </a>
    </div>
    <div class="grid__item one-quarter js-add-comment-product-btn text--right" data-bind="template: { afterRender: initAddToList }">

        <button class="btn btn--hollow item-product__overlay-btn js-add-comment-cta push-half--bottom relative" data-bind="css: { 'btn--dark': customerComment() != '' && customerComment() != null }, click: openComentPopup" title="Comment">
            <span class="item-product__overlay-btn-label"><span class="icn" data-bind="css: { 'icon-comment-bubble-filled': customerComment() != '' && customerComment() != null, 'icon-comment-bubble-empty ': customerComment() == '' || customerComment() == null }"></span></span>
        </button>
    </div>
</div>

<div data-bind="visible: !quantity() || !isCommentMustVisible()">
    <a id="body_0_main_1_ProductSearch_GroceryBrowsing_TemplateResult_SearchResultListView_ctrl0_ctl00_4_AddToListButton_4_BtnAddToList_4" class="btn btn--hollow btn--full-width push-half--bottom relative item-product__add-to-list js-addtolist-cta" data-bind="visible: !quantity() || !isCommentMustVisible()" href="/my-account/login?item=%2fshop-online%2ffrozen" title="Add item to list" class="item-product__add-to-list  js-addtolist-cta" data-comment-hyperlink="0">
        <span style="display:inline-block;position:relative;background:inherit;">
            <span class="icn icn-item-list-icon palm--hide"></span>&nbsp;
        </span>
    
        Add to List
            <span class="js-added-to-list-notification item-product__added-to-list-notification" style="display: none; margin-top: -1px;">
                <span class="icon icon--check icon--medium text--valid push--top"></span>
            </span>
    </a>
</div>

<input type="hidden" name="body_0$main_1$ProductSearch$GroceryBrowsing$TemplateResult$SearchResultListView$ctrl0$ctl04$ctl00$AddToListButton$HidCommentVisible" id="body_0_main_1_ProductSearch_GroceryBrowsing_TemplateResult_SearchResultListView_ctrl0_ctl00_4_AddToListButton_4_HidCommentVisible_4" value="1" />

                </div>
            </div>
        </div>
    </div>
</div>

        
	</div>
    
    
    
        
        <div id="body_0_main_1_ProductSearch_GroceryBrowsing_TemplateResult_SearchResultListView_ctrl2_ItemTemplatePanel_5" class="product-tile push--bottom grid__item slim palm--one-half portable--two-quarters desk--one-quarter">
		
            

<div class="item-product js-product js-equalized js-addtolist-container js-ga" data-product="{'ProductId':'00000_000000081289800001','BrandName':'Bergen Farms','FullDisplayName':' Blueberries Frozen','IsAgeRequired':false,'SizeLabel':'','Size':'1.8 KG','ProductUrl':'/product/blueberries-frozen/00000_000000081289800001','ProductImageUrl':'https://az836796.vo.msecnd.net/media/image/product/en/medium/0081289800001.jpg','HasNewPrice':false,'PromotionName':null,'RegularPrice':19.99000,'SalesPrice':16.99000,'CustomerProductComment':null,'PopularityFactor':318.0}" data-bind="onceWith: products.createOrUpdate($element.getAttribute('data-product'))">
    <div class="popular-ribbon" data-bind="visible: popularityFactor() != null && popularityFactor() > 0" style="display: none">
        <span class="ribbon">
            Popular
        </span>
    </div>
    <div class="item-product" data-bind="css: { 'is-in-cart': quantity() }">
        <div class="grid">
            <div class="grid__item">
                <div class="media-overlay js-overlay-controls">
                    <a id="body_0_main_1_ProductSearch_GroceryBrowsing_TemplateResult_SearchResultListView_ctrl2_ctl00_5_ImageLink_5" tabindex="-1" title=" Blueberries Frozen" class="js-ga-productimage" aria-hidden="true" role="presentation" href="/product/blueberries-frozen/00000_000000081289800001"><img id="body_0_main_1_ProductSearch_GroceryBrowsing_TemplateResult_SearchResultListView_ctrl2_ctl00_5_ProductImage_5" class="fluid" onerror="this.onerror=null; this.src=globalSettings.ProductImages.Small" role="presentation" src="https://az836796.vo.msecnd.net/media/image/product/en/small/0081289800001.jpg" /></a>
                    
                    
                    <div class="item-product__overlay item-product__overlay--full-height" data-bind="visible: quantity()" style="display: none;">
                        <div>
                            <span class="item-product__quantity js-product-quantity" data-bind="'text': quantity"></span>
                            In your cart
                        </div>
                    </div>
                </div>
            </div>
            <div class="grid__item">
                <div class="item-product__content push--top">
                    <div class="js-equalized-sub-item push-medium--bottom">
                        <div id="body_0_main_1_ProductSearch_GroceryBrowsing_TemplateResult_SearchResultListView_ctrl2_ctl00_5_BrandNameZone_5" class="item-product__brand push--top">
                            Bergen Farms
                        </div>

                        <h3 class="h4-like">
                            <a id="body_0_main_1_ProductSearch_GroceryBrowsing_TemplateResult_SearchResultListView_ctrl2_ctl00_5_NavigateTo_5" class="js-ga-productname" aria-label=" Blueberries Frozen" href="/product/blueberries-frozen/00000_000000081289800001"> Blueberries Frozen</a>
                        </h3>


                        <div id="body_0_main_1_ProductSearch_GroceryBrowsing_TemplateResult_SearchResultListView_ctrl2_ctl00_5_SizeZone_5" class="item-product__info">
                                
                                

                                1.8 KG
                            </div>
                    </div>
                    <div id="body_0_main_1_ProductSearch_GroceryBrowsing_TemplateResult_SearchResultListView_ctrl2_ctl00_5_ListOfPrices_5" class="item-product__prices js-equalized-sub-item2 on-sale">
                        <div class="grid grid--middle">
                            

    <div class="grid__item push-medium--bottom">
        <div class="item-product__price--sale">
            <span class="text--strong">
                <span class="price text--strong" >$16.99</span>
            </span>
        </div>
    </div>



    <div class="grid__item portable-up--two-fifths">
        <div class="item-product__price">
            <span class="price-amount">$19.99</span>
        </div>
    </div>


                            
                                <div class="grid__item portable-up--three-fifths">
                                    <div class="item-product__info palm--hide">
                                        <div class="text--small">
                                            $0.94 / 100G
                                        </div>
                                    </div>
                                </div>
                            
                        </div>
                    </div>
                </div>

            </div>
            <div class="grid__item">
                <div class="item-product__controls push--bottom">
                    

<div class="add-to-cart js-add-to-cart js-using-cart js-tutorial-addtocart">
	<span class="feedback">
		Product added to cart
	</span>

	<span class="hidden js-product-id">
		<input type="hidden" name="body_0$main_1$ProductSearch$GroceryBrowsing$TemplateResult$SearchResultListView$ctrl2$ctl00$ctl00$AddToCartButton$FldProduct" id="body_0_main_1_ProductSearch_GroceryBrowsing_TemplateResult_SearchResultListView_ctrl2_ctl00_5_AddToCartButton_5_FldProduct_5" value="00000_000000081289800001" />
	</span>
	<span class="hidden js-product-name">
		<input type="hidden" name="body_0$main_1$ProductSearch$GroceryBrowsing$TemplateResult$SearchResultListView$ctrl2$ctl00$ctl00$AddToCartButton$FldProductName" id="body_0_main_1_ProductSearch_GroceryBrowsing_TemplateResult_SearchResultListView_ctrl2_ctl00_5_AddToCartButton_5_FldProductName_5" />
	</span>
	<span class="hidden js-product-price">
		<input type="hidden" name="body_0$main_1$ProductSearch$GroceryBrowsing$TemplateResult$SearchResultListView$ctrl2$ctl00$ctl00$AddToCartButton$FldProductPrice" id="body_0_main_1_ProductSearch_GroceryBrowsing_TemplateResult_SearchResultListView_ctrl2_ctl00_5_AddToCartButton_5_FldProductPrice_5" />
	</span>
    <span class="hidden js-product-isnewprice">
		<input type="hidden" name="body_0$main_1$ProductSearch$GroceryBrowsing$TemplateResult$SearchResultListView$ctrl2$ctl00$ctl00$AddToCartButton$FldProductIsNewPrice" id="body_0_main_1_ProductSearch_GroceryBrowsing_TemplateResult_SearchResultListView_ctrl2_ctl00_5_AddToCartButton_5_FldProductIsNewPrice_5" />
	</span>
    <span class="hidden js-product-isonsale">
		<input type="hidden" name="body_0$main_1$ProductSearch$GroceryBrowsing$TemplateResult$SearchResultListView$ctrl2$ctl00$ctl00$AddToCartButton$FldProductIsOnSale" id="body_0_main_1_ProductSearch_GroceryBrowsing_TemplateResult_SearchResultListView_ctrl2_ctl00_5_AddToCartButton_5_FldProductIsOnSale_5" />
	</span>
    <span class="hidden js-product-isonpromo">
		<input type="hidden" name="body_0$main_1$ProductSearch$GroceryBrowsing$TemplateResult$SearchResultListView$ctrl2$ctl00$ctl00$AddToCartButton$FldProductIsOnPromo" id="body_0_main_1_ProductSearch_GroceryBrowsing_TemplateResult_SearchResultListView_ctrl2_ctl00_5_AddToCartButton_5_FldProductIsOnPromo_5" />
	</span>
	<span class="hidden js-ga-addToCart">
		<input type="hidden" name="body_0$main_1$ProductSearch$GroceryBrowsing$TemplateResult$SearchResultListView$ctrl2$ctl00$ctl00$AddToCartButton$FldProductItemAddName" id="body_0_main_1_ProductSearch_GroceryBrowsing_TemplateResult_SearchResultListView_ctrl2_ctl00_5_AddToCartButton_5_FldProductItemAddName_5" />
		<input type="hidden" name="body_0$main_1$ProductSearch$GroceryBrowsing$TemplateResult$SearchResultListView$ctrl2$ctl00$ctl00$AddToCartButton$FldProductItemAddPrice" id="body_0_main_1_ProductSearch_GroceryBrowsing_TemplateResult_SearchResultListView_ctrl2_ctl00_5_AddToCartButton_5_FldProductItemAddPrice_5" />
        <input type="hidden" name="body_0$main_1$ProductSearch$GroceryBrowsing$TemplateResult$SearchResultListView$ctrl2$ctl00$ctl00$AddToCartButton$FldProductItemAddIsNewPrice" id="body_0_main_1_ProductSearch_GroceryBrowsing_TemplateResult_SearchResultListView_ctrl2_ctl00_5_AddToCartButton_5_FldProductItemAddIsNewPrice_5" />
        <input type="hidden" name="body_0$main_1$ProductSearch$GroceryBrowsing$TemplateResult$SearchResultListView$ctrl2$ctl00$ctl00$AddToCartButton$FldProductItemAddIsOnSale" id="body_0_main_1_ProductSearch_GroceryBrowsing_TemplateResult_SearchResultListView_ctrl2_ctl00_5_AddToCartButton_5_FldProductItemAddIsOnSale_5" />
        <input type="hidden" name="body_0$main_1$ProductSearch$GroceryBrowsing$TemplateResult$SearchResultListView$ctrl2$ctl00$ctl00$AddToCartButton$FldProductItemAddIsOnPromo" id="body_0_main_1_ProductSearch_GroceryBrowsing_TemplateResult_SearchResultListView_ctrl2_ctl00_5_AddToCartButton_5_FldProductItemAddIsOnPromo_5" />
	</span>

	
	<div class="controls push-half--bottom">
		<div class="grid grid--full grid--middle" data-bind="visible: quantity()" style="display:none">
            <div class="grid__item one-third text--left">
                <a href="#" class="btn btn--default item-product__overlay-btn js-ga-decrement" data-bind="click: decrement"><span class="item-product__overlay-btn-label item-product__overlay-minus"><span class="visuallyhidden">-</span></span></a>
            </div>
            <div class="grid__item one-third text--center">
                <label for="body_0_main_1_ProductSearch_GroceryBrowsing_TemplateResult_SearchResultListView_ctrl2_ctl00_5_AddToCartButton_5_TxtNumber_5" id="body_0_main_1_ProductSearch_GroceryBrowsing_TemplateResult_SearchResultListView_ctrl2_ctl00_5_AddToCartButton_5_TxtQtyLabel_5" class="accessibility">Quantity for:   Blueberries Frozen $16.99</label>
                <input name="body_0$main_1$ProductSearch$GroceryBrowsing$TemplateResult$SearchResultListView$ctrl2$ctl00$ctl00$AddToCartButton$TxtNumber" type="number" value="1" id="body_0_main_1_ProductSearch_GroceryBrowsing_TemplateResult_SearchResultListView_ctrl2_ctl00_5_AddToCartButton_5_TxtNumber_5" class="js-add-to-cart-quantity" data-bind="&#39;value&#39;: editedQuantity, &#39;valueUpdate&#39;: &#39;afterkeydown&#39;, &#39;enterkey&#39;: saveEditedQuantity, hasFocus: isBeingEdited, selectAllOnClick: true, event: { blur: saveEditedQuantity }" />
            </div>
            <div class="grid__item one-third text--right">
                <a href="#" class="btn btn--default item-product__overlay-btn js-ga-increment" data-bind="click: increment, css: {'is-disabled': isQuantityMaxed}"><span class="item-product__overlay-btn-label item-product__overlay-plus"><span class="visuallyhidden">+</span></span></a>
            </div>
		</div>
		<span class="control  control--fluid controls__add">
			<button data-bind="'click': saveEditedQuantity, visible: !quantity()" class="btn  btn--default  btn--full-width  relative">
				Add to Cart
			</button>
		</span>
	</div>
</div>


                    


<div class="grid grid--full grid--middle js-product-comment-add-to-list-box" style="display: none" data-bind="visible: quantity() && isCommentMustVisible()">
    <div class="grid__item three-quarters text--center">
        <a id="body_0_main_1_ProductSearch_GroceryBrowsing_TemplateResult_SearchResultListView_ctrl2_ctl00_5_AddToListButton_5_BtnAddToListCart_5" class="btn btn--hollow btn--full-width push-half--bottom relative item-product__add-to-list js-addtolist-cta" href="/my-account/login?item=%2fshop-online%2ffrozen" title="Add item to list" class="item-product__add-to-list  js-addtolist-cta" data-comment-hyperlink="1" style="font-size: 12px;">
            <span style="display:inline-block;position:relative;background:inherit;">
                <span class="icn icn-item-list-icon palm--hide"></span>&nbsp;
            </span>
    
            Add to List
            <span class="js-added-to-list-notification item-product__added-to-list-notification" style="display: none; margin-top: -1px;">
                    <span class="icon icon--check icon--medium text--valid push--top"></span>
                </span>
        </a>
    </div>
    <div class="grid__item one-quarter js-add-comment-product-btn text--right" data-bind="template: { afterRender: initAddToList }">

        <button class="btn btn--hollow item-product__overlay-btn js-add-comment-cta push-half--bottom relative" data-bind="css: { 'btn--dark': customerComment() != '' && customerComment() != null }, click: openComentPopup" title="Comment">
            <span class="item-product__overlay-btn-label"><span class="icn" data-bind="css: { 'icon-comment-bubble-filled': customerComment() != '' && customerComment() != null, 'icon-comment-bubble-empty ': customerComment() == '' || customerComment() == null }"></span></span>
        </button>
    </div>
</div>

<div data-bind="visible: !quantity() || !isCommentMustVisible()">
    <a id="body_0_main_1_ProductSearch_GroceryBrowsing_TemplateResult_SearchResultListView_ctrl2_ctl00_5_AddToListButton_5_BtnAddToList_5" class="btn btn--hollow btn--full-width push-half--bottom relative item-product__add-to-list js-addtolist-cta" data-bind="visible: !quantity() || !isCommentMustVisible()" href="/my-account/login?item=%2fshop-online%2ffrozen" title="Add item to list" class="item-product__add-to-list  js-addtolist-cta" data-comment-hyperlink="0">
        <span style="display:inline-block;position:relative;background:inherit;">
            <span class="icn icn-item-list-icon palm--hide"></span>&nbsp;
        </span>
    
        Add to List
            <span class="js-added-to-list-notification item-product__added-to-list-notification" style="display: none; margin-top: -1px;">
                <span class="icon icon--check icon--medium text--valid push--top"></span>
            </span>
    </a>
</div>

<input type="hidden" name="body_0$main_1$ProductSearch$GroceryBrowsing$TemplateResult$SearchResultListView$ctrl2$ctl00$ctl00$AddToListButton$HidCommentVisible" id="body_0_main_1_ProductSearch_GroceryBrowsing_TemplateResult_SearchResultListView_ctrl2_ctl00_5_AddToListButton_5_HidCommentVisible_5" value="1" />

                </div>
            </div>
        </div>
    </div>
</div>

        
	</div>
    
        <div id="body_0_main_1_ProductSearch_GroceryBrowsing_TemplateResult_SearchResultListView_ctrl2_ItemTemplatePanel_6" class="product-tile push--bottom grid__item slim palm--one-half portable--two-quarters desk--one-quarter">
		
            

<div class="item-product js-product js-equalized js-addtolist-container js-ga" data-product="{'ProductId':'00000_000000005833683610','BrandName':'Dr. Oetker','FullDisplayName':'Ristorante Pepperoni Pizza','IsAgeRequired':false,'SizeLabel':'','Size':'320 g','ProductUrl':'/product/pizzaristorante-pepperoni/00000_000000005833683610','ProductImageUrl':'https://az836796.vo.msecnd.net/media/image/product/en/medium/0005833683610.jpg','HasNewPrice':false,'PromotionName':null,'RegularPrice':6.49000,'SalesPrice':5.99000,'CustomerProductComment':null,'PopularityFactor':333.5}" data-bind="onceWith: products.createOrUpdate($element.getAttribute('data-product'))">
    <div class="popular-ribbon" data-bind="visible: popularityFactor() != null && popularityFactor() > 0" style="display: none">
        <span class="ribbon">
            Popular
        </span>
    </div>
    <div class="item-product" data-bind="css: { 'is-in-cart': quantity() }">
        <div class="grid">
            <div class="grid__item">
                <div class="media-overlay js-overlay-controls">
                    <a id="body_0_main_1_ProductSearch_GroceryBrowsing_TemplateResult_SearchResultListView_ctrl2_ctl00_6_ImageLink_6" tabindex="-1" title="Ristorante Pepperoni Pizza" class="js-ga-productimage" aria-hidden="true" role="presentation" href="/product/pizzaristorante-pepperoni/00000_000000005833683610"><img id="body_0_main_1_ProductSearch_GroceryBrowsing_TemplateResult_SearchResultListView_ctrl2_ctl00_6_ProductImage_6" class="fluid" onerror="this.onerror=null; this.src=globalSettings.ProductImages.Small" role="presentation" src="https://az836796.vo.msecnd.net/media/image/product/en/small/0005833683610.jpg" /></a>
                    
                    
                    <div class="item-product__overlay item-product__overlay--full-height" data-bind="visible: quantity()" style="display: none;">
                        <div>
                            <span class="item-product__quantity js-product-quantity" data-bind="'text': quantity"></span>
                            In your cart
                        </div>
                    </div>
                </div>
            </div>
            <div class="grid__item">
                <div class="item-product__content push--top">
                    <div class="js-equalized-sub-item push-medium--bottom">
                        <div id="body_0_main_1_ProductSearch_GroceryBrowsing_TemplateResult_SearchResultListView_ctrl2_ctl00_6_BrandNameZone_6" class="item-product__brand push--top">
                            Dr. Oetker
                        </div>

                        <h3 class="h4-like">
                            <a id="body_0_main_1_ProductSearch_GroceryBrowsing_TemplateResult_SearchResultListView_ctrl2_ctl00_6_NavigateTo_6" class="js-ga-productname" aria-label="Ristorante Pepperoni Pizza" href="/product/pizzaristorante-pepperoni/00000_000000005833683610">Ristorante Pepperoni Pizza</a>
                        </h3>


                        <div id="body_0_main_1_ProductSearch_GroceryBrowsing_TemplateResult_SearchResultListView_ctrl2_ctl00_6_SizeZone_6" class="item-product__info">
                                
                                

                                320 g
                            </div>
                    </div>
                    <div id="body_0_main_1_ProductSearch_GroceryBrowsing_TemplateResult_SearchResultListView_ctrl2_ctl00_6_ListOfPrices_6" class="item-product__prices js-equalized-sub-item2 on-sale">
                        <div class="grid grid--middle">
                            

    <div class="grid__item push-medium--bottom">
        <div class="item-product__price--sale">
            <span class="text--strong">
                <span class="price text--strong" >$5.99</span>
            </span>
        </div>
    </div>



    <div class="grid__item portable-up--two-fifths">
        <div class="item-product__price">
            <span class="price-amount">$6.49</span>
        </div>
    </div>


                            
                                <div class="grid__item portable-up--three-fifths">
                                    <div class="item-product__info palm--hide">
                                        <div class="text--small">
                                            $1.87 / 100G
                                        </div>
                                    </div>
                                </div>
                            
                        </div>
                    </div>
                </div>

            </div>
            <div class="grid__item">
                <div class="item-product__controls push--bottom">
                    

<div class="add-to-cart js-add-to-cart js-using-cart js-tutorial-addtocart">
	<span class="feedback">
		Product added to cart
	</span>

	<span class="hidden js-product-id">
		<input type="hidden" name="body_0$main_1$ProductSearch$GroceryBrowsing$TemplateResult$SearchResultListView$ctrl2$ctl01$ctl00$AddToCartButton$FldProduct" id="body_0_main_1_ProductSearch_GroceryBrowsing_TemplateResult_SearchResultListView_ctrl2_ctl00_6_AddToCartButton_6_FldProduct_6" value="00000_000000005833683610" />
	</span>
	<span class="hidden js-product-name">
		<input type="hidden" name="body_0$main_1$ProductSearch$GroceryBrowsing$TemplateResult$SearchResultListView$ctrl2$ctl01$ctl00$AddToCartButton$FldProductName" id="body_0_main_1_ProductSearch_GroceryBrowsing_TemplateResult_SearchResultListView_ctrl2_ctl00_6_AddToCartButton_6_FldProductName_6" />
	</span>
	<span class="hidden js-product-price">
		<input type="hidden" name="body_0$main_1$ProductSearch$GroceryBrowsing$TemplateResult$SearchResultListView$ctrl2$ctl01$ctl00$AddToCartButton$FldProductPrice" id="body_0_main_1_ProductSearch_GroceryBrowsing_TemplateResult_SearchResultListView_ctrl2_ctl00_6_AddToCartButton_6_FldProductPrice_6" />
	</span>
    <span class="hidden js-product-isnewprice">
		<input type="hidden" name="body_0$main_1$ProductSearch$GroceryBrowsing$TemplateResult$SearchResultListView$ctrl2$ctl01$ctl00$AddToCartButton$FldProductIsNewPrice" id="body_0_main_1_ProductSearch_GroceryBrowsing_TemplateResult_SearchResultListView_ctrl2_ctl00_6_AddToCartButton_6_FldProductIsNewPrice_6" />
	</span>
    <span class="hidden js-product-isonsale">
		<input type="hidden" name="body_0$main_1$ProductSearch$GroceryBrowsing$TemplateResult$SearchResultListView$ctrl2$ctl01$ctl00$AddToCartButton$FldProductIsOnSale" id="body_0_main_1_ProductSearch_GroceryBrowsing_TemplateResult_SearchResultListView_ctrl2_ctl00_6_AddToCartButton_6_FldProductIsOnSale_6" />
	</span>
    <span class="hidden js-product-isonpromo">
		<input type="hidden" name="body_0$main_1$ProductSearch$GroceryBrowsing$TemplateResult$SearchResultListView$ctrl2$ctl01$ctl00$AddToCartButton$FldProductIsOnPromo" id="body_0_main_1_ProductSearch_GroceryBrowsing_TemplateResult_SearchResultListView_ctrl2_ctl00_6_AddToCartButton_6_FldProductIsOnPromo_6" />
	</span>
	<span class="hidden js-ga-addToCart">
		<input type="hidden" name="body_0$main_1$ProductSearch$GroceryBrowsing$TemplateResult$SearchResultListView$ctrl2$ctl01$ctl00$AddToCartButton$FldProductItemAddName" id="body_0_main_1_ProductSearch_GroceryBrowsing_TemplateResult_SearchResultListView_ctrl2_ctl00_6_AddToCartButton_6_FldProductItemAddName_6" />
		<input type="hidden" name="body_0$main_1$ProductSearch$GroceryBrowsing$TemplateResult$SearchResultListView$ctrl2$ctl01$ctl00$AddToCartButton$FldProductItemAddPrice" id="body_0_main_1_ProductSearch_GroceryBrowsing_TemplateResult_SearchResultListView_ctrl2_ctl00_6_AddToCartButton_6_FldProductItemAddPrice_6" />
        <input type="hidden" name="body_0$main_1$ProductSearch$GroceryBrowsing$TemplateResult$SearchResultListView$ctrl2$ctl01$ctl00$AddToCartButton$FldProductItemAddIsNewPrice" id="body_0_main_1_ProductSearch_GroceryBrowsing_TemplateResult_SearchResultListView_ctrl2_ctl00_6_AddToCartButton_6_FldProductItemAddIsNewPrice_6" />
        <input type="hidden" name="body_0$main_1$ProductSearch$GroceryBrowsing$TemplateResult$SearchResultListView$ctrl2$ctl01$ctl00$AddToCartButton$FldProductItemAddIsOnSale" id="body_0_main_1_ProductSearch_GroceryBrowsing_TemplateResult_SearchResultListView_ctrl2_ctl00_6_AddToCartButton_6_FldProductItemAddIsOnSale_6" />
        <input type="hidden" name="body_0$main_1$ProductSearch$GroceryBrowsing$TemplateResult$SearchResultListView$ctrl2$ctl01$ctl00$AddToCartButton$FldProductItemAddIsOnPromo" id="body_0_main_1_ProductSearch_GroceryBrowsing_TemplateResult_SearchResultListView_ctrl2_ctl00_6_AddToCartButton_6_FldProductItemAddIsOnPromo_6" />
	</span>

	
	<div class="controls push-half--bottom">
		<div class="grid grid--full grid--middle" data-bind="visible: quantity()" style="display:none">
            <div class="grid__item one-third text--left">
                <a href="#" class="btn btn--default item-product__overlay-btn js-ga-decrement" data-bind="click: decrement"><span class="item-product__overlay-btn-label item-product__overlay-minus"><span class="visuallyhidden">-</span></span></a>
            </div>
            <div class="grid__item one-third text--center">
                <label for="body_0_main_1_ProductSearch_GroceryBrowsing_TemplateResult_SearchResultListView_ctrl2_ctl00_6_AddToCartButton_6_TxtNumber_6" id="body_0_main_1_ProductSearch_GroceryBrowsing_TemplateResult_SearchResultListView_ctrl2_ctl00_6_AddToCartButton_6_TxtQtyLabel_6" class="accessibility">Quantity for:  Ristorante Pepperoni Pizza $5.99</label>
                <input name="body_0$main_1$ProductSearch$GroceryBrowsing$TemplateResult$SearchResultListView$ctrl2$ctl01$ctl00$AddToCartButton$TxtNumber" type="number" value="1" id="body_0_main_1_ProductSearch_GroceryBrowsing_TemplateResult_SearchResultListView_ctrl2_ctl00_6_AddToCartButton_6_TxtNumber_6" class="js-add-to-cart-quantity" data-bind="&#39;value&#39;: editedQuantity, &#39;valueUpdate&#39;: &#39;afterkeydown&#39;, &#39;enterkey&#39;: saveEditedQuantity, hasFocus: isBeingEdited, selectAllOnClick: true, event: { blur: saveEditedQuantity }" />
            </div>
            <div class="grid__item one-third text--right">
                <a href="#" class="btn btn--default item-product__overlay-btn js-ga-increment" data-bind="click: increment, css: {'is-disabled': isQuantityMaxed}"><span class="item-product__overlay-btn-label item-product__overlay-plus"><span class="visuallyhidden">+</span></span></a>
            </div>
		</div>
		<span class="control  control--fluid controls__add">
			<button data-bind="'click': saveEditedQuantity, visible: !quantity()" class="btn  btn--default  btn--full-width  relative">
				Add to Cart
			</button>
		</span>
	</div>
</div>


                    


<div class="grid grid--full grid--middle js-product-comment-add-to-list-box" style="display: none" data-bind="visible: quantity() && isCommentMustVisible()">
    <div class="grid__item three-quarters text--center">
        <a id="body_0_main_1_ProductSearch_GroceryBrowsing_TemplateResult_SearchResultListView_ctrl2_ctl00_6_AddToListButton_6_BtnAddToListCart_6" class="btn btn--hollow btn--full-width push-half--bottom relative item-product__add-to-list js-addtolist-cta" href="/my-account/login?item=%2fshop-online%2ffrozen" title="Add item to list" class="item-product__add-to-list  js-addtolist-cta" data-comment-hyperlink="1" style="font-size: 12px;">
            <span style="display:inline-block;position:relative;background:inherit;">
                <span class="icn icn-item-list-icon palm--hide"></span>&nbsp;
            </span>
    
            Add to List
            <span class="js-added-to-list-notification item-product__added-to-list-notification" style="display: none; margin-top: -1px;">
                    <span class="icon icon--check icon--medium text--valid push--top"></span>
                </span>
        </a>
    </div>
    <div class="grid__item one-quarter js-add-comment-product-btn text--right" data-bind="template: { afterRender: initAddToList }">

        <button class="btn btn--hollow item-product__overlay-btn js-add-comment-cta push-half--bottom relative" data-bind="css: { 'btn--dark': customerComment() != '' && customerComment() != null }, click: openComentPopup" title="Comment">
            <span class="item-product__overlay-btn-label"><span class="icn" data-bind="css: { 'icon-comment-bubble-filled': customerComment() != '' && customerComment() != null, 'icon-comment-bubble-empty ': customerComment() == '' || customerComment() == null }"></span></span>
        </button>
    </div>
</div>

<div data-bind="visible: !quantity() || !isCommentMustVisible()">
    <a id="body_0_main_1_ProductSearch_GroceryBrowsing_TemplateResult_SearchResultListView_ctrl2_ctl00_6_AddToListButton_6_BtnAddToList_6" class="btn btn--hollow btn--full-width push-half--bottom relative item-product__add-to-list js-addtolist-cta" data-bind="visible: !quantity() || !isCommentMustVisible()" href="/my-account/login?item=%2fshop-online%2ffrozen" title="Add item to list" class="item-product__add-to-list  js-addtolist-cta" data-comment-hyperlink="0">
        <span style="display:inline-block;position:relative;background:inherit;">
            <span class="icn icn-item-list-icon palm--hide"></span>&nbsp;
        </span>
    
        Add to List
            <span class="js-added-to-list-notification item-product__added-to-list-notification" style="display: none; margin-top: -1px;">
                <span class="icon icon--check icon--medium text--valid push--top"></span>
            </span>
    </a>
</div>

<input type="hidden" name="body_0$main_1$ProductSearch$GroceryBrowsing$TemplateResult$SearchResultListView$ctrl2$ctl01$ctl00$AddToListButton$HidCommentVisible" id="body_0_main_1_ProductSearch_GroceryBrowsing_TemplateResult_SearchResultListView_ctrl2_ctl00_6_AddToListButton_6_HidCommentVisible_6" value="1" />

                </div>
            </div>
        </div>
    </div>
</div>

        
	</div>
    
        <div id="body_0_main_1_ProductSearch_GroceryBrowsing_TemplateResult_SearchResultListView_ctrl2_ItemTemplatePanel_7" class="product-tile push--bottom grid__item slim palm--one-half portable--two-quarters desk--one-quarter">
		
            

<div class="item-product js-product js-equalized js-addtolist-container js-ga" data-product="{'ProductId':'00000_000000005574250430','BrandName':'Compliments','FullDisplayName':'Mango Mania Frozen Fruit','IsAgeRequired':false,'SizeLabel':'','Size':'600 g','ProductUrl':'/product/frozen-fruitmango-mania/00000_000000005574250430','ProductImageUrl':'https://az836796.vo.msecnd.net/media/image/product/en/medium/0005574250430.jpg','HasNewPrice':false,'PromotionName':null,'RegularPrice':5.29000,'SalesPrice':4.99000,'CustomerProductComment':null,'PopularityFactor':336.0}" data-bind="onceWith: products.createOrUpdate($element.getAttribute('data-product'))">
    <div class="popular-ribbon" data-bind="visible: popularityFactor() != null && popularityFactor() > 0" style="display: none">
        <span class="ribbon">
            Popular
        </span>
    </div>
    <div class="item-product" data-bind="css: { 'is-in-cart': quantity() }">
        <div class="grid">
            <div class="grid__item">
                <div class="media-overlay js-overlay-controls">
                    <a id="body_0_main_1_ProductSearch_GroceryBrowsing_TemplateResult_SearchResultListView_ctrl2_ctl00_7_ImageLink_7" tabindex="-1" title="Mango Mania Frozen Fruit" class="js-ga-productimage" aria-hidden="true" role="presentation" href="/product/frozen-fruitmango-mania/00000_000000005574250430"><img id="body_0_main_1_ProductSearch_GroceryBrowsing_TemplateResult_SearchResultListView_ctrl2_ctl00_7_ProductImage_7" class="fluid" onerror="this.onerror=null; this.src=globalSettings.ProductImages.Small" role="presentation" src="https://az836796.vo.msecnd.net/media/image/product/en/small/0005574250430.jpg" /></a>
                    
                    
                    <div class="item-product__overlay item-product__overlay--full-height" data-bind="visible: quantity()" style="display: none;">
                        <div>
                            <span class="item-product__quantity js-product-quantity" data-bind="'text': quantity"></span>
                            In your cart
                        </div>
                    </div>
                </div>
            </div>
            <div class="grid__item">
                <div class="item-product__content push--top">
                    <div class="js-equalized-sub-item push-medium--bottom">
                        <div id="body_0_main_1_ProductSearch_GroceryBrowsing_TemplateResult_SearchResultListView_ctrl2_ctl00_7_BrandNameZone_7" class="item-product__brand push--top">
                            Compliments
                        </div>

                        <h3 class="h4-like">
                            <a id="body_0_main_1_ProductSearch_GroceryBrowsing_TemplateResult_SearchResultListView_ctrl2_ctl00_7_NavigateTo_7" class="js-ga-productname" aria-label="Mango Mania Frozen Fruit" href="/product/frozen-fruitmango-mania/00000_000000005574250430">Mango Mania Frozen Fruit</a>
                        </h3>


                        <div id="body_0_main_1_ProductSearch_GroceryBrowsing_TemplateResult_SearchResultListView_ctrl2_ctl00_7_SizeZone_7" class="item-product__info">
                                
                                

                                600 g
                            </div>
                    </div>
                    <div id="body_0_main_1_ProductSearch_GroceryBrowsing_TemplateResult_SearchResultListView_ctrl2_ctl00_7_ListOfPrices_7" class="item-product__prices js-equalized-sub-item2 on-sale">
                        <div class="grid grid--middle">
                            

    <div class="grid__item push-medium--bottom">
        <div class="item-product__price--sale">
            <span class="text--strong">
                <span class="price text--strong" >$4.99</span>
            </span>
        </div>
    </div>



    <div class="grid__item portable-up--two-fifths">
        <div class="item-product__price">
            <span class="price-amount">$5.29</span>
        </div>
    </div>


                            
                                <div class="grid__item portable-up--three-fifths">
                                    <div class="item-product__info palm--hide">
                                        <div class="text--small">
                                            $0.83 / 100G
                                        </div>
                                    </div>
                                </div>
                            
                        </div>
                    </div>
                </div>

            </div>
            <div class="grid__item">
                <div class="item-product__controls push--bottom">
                    

<div class="add-to-cart js-add-to-cart js-using-cart js-tutorial-addtocart">
	<span class="feedback">
		Product added to cart
	</span>

	<span class="hidden js-product-id">
		<input type="hidden" name="body_0$main_1$ProductSearch$GroceryBrowsing$TemplateResult$SearchResultListView$ctrl2$ctl02$ctl00$AddToCartButton$FldProduct" id="body_0_main_1_ProductSearch_GroceryBrowsing_TemplateResult_SearchResultListView_ctrl2_ctl00_7_AddToCartButton_7_FldProduct_7" value="00000_000000005574250430" />
	</span>
	<span class="hidden js-product-name">
		<input type="hidden" name="body_0$main_1$ProductSearch$GroceryBrowsing$TemplateResult$SearchResultListView$ctrl2$ctl02$ctl00$AddToCartButton$FldProductName" id="body_0_main_1_ProductSearch_GroceryBrowsing_TemplateResult_SearchResultListView_ctrl2_ctl00_7_AddToCartButton_7_FldProductName_7" />
	</span>
	<span class="hidden js-product-price">
		<input type="hidden" name="body_0$main_1$ProductSearch$GroceryBrowsing$TemplateResult$SearchResultListView$ctrl2$ctl02$ctl00$AddToCartButton$FldProductPrice" id="body_0_main_1_ProductSearch_GroceryBrowsing_TemplateResult_SearchResultListView_ctrl2_ctl00_7_AddToCartButton_7_FldProductPrice_7" />
	</span>
    <span class="hidden js-product-isnewprice">
		<input type="hidden" name="body_0$main_1$ProductSearch$GroceryBrowsing$TemplateResult$SearchResultListView$ctrl2$ctl02$ctl00$AddToCartButton$FldProductIsNewPrice" id="body_0_main_1_ProductSearch_GroceryBrowsing_TemplateResult_SearchResultListView_ctrl2_ctl00_7_AddToCartButton_7_FldProductIsNewPrice_7" />
	</span>
    <span class="hidden js-product-isonsale">
		<input type="hidden" name="body_0$main_1$ProductSearch$GroceryBrowsing$TemplateResult$SearchResultListView$ctrl2$ctl02$ctl00$AddToCartButton$FldProductIsOnSale" id="body_0_main_1_ProductSearch_GroceryBrowsing_TemplateResult_SearchResultListView_ctrl2_ctl00_7_AddToCartButton_7_FldProductIsOnSale_7" />
	</span>
    <span class="hidden js-product-isonpromo">
		<input type="hidden" name="body_0$main_1$ProductSearch$GroceryBrowsing$TemplateResult$SearchResultListView$ctrl2$ctl02$ctl00$AddToCartButton$FldProductIsOnPromo" id="body_0_main_1_ProductSearch_GroceryBrowsing_TemplateResult_SearchResultListView_ctrl2_ctl00_7_AddToCartButton_7_FldProductIsOnPromo_7" />
	</span>
	<span class="hidden js-ga-addToCart">
		<input type="hidden" name="body_0$main_1$ProductSearch$GroceryBrowsing$TemplateResult$SearchResultListView$ctrl2$ctl02$ctl00$AddToCartButton$FldProductItemAddName" id="body_0_main_1_ProductSearch_GroceryBrowsing_TemplateResult_SearchResultListView_ctrl2_ctl00_7_AddToCartButton_7_FldProductItemAddName_7" />
		<input type="hidden" name="body_0$main_1$ProductSearch$GroceryBrowsing$TemplateResult$SearchResultListView$ctrl2$ctl02$ctl00$AddToCartButton$FldProductItemAddPrice" id="body_0_main_1_ProductSearch_GroceryBrowsing_TemplateResult_SearchResultListView_ctrl2_ctl00_7_AddToCartButton_7_FldProductItemAddPrice_7" />
        <input type="hidden" name="body_0$main_1$ProductSearch$GroceryBrowsing$TemplateResult$SearchResultListView$ctrl2$ctl02$ctl00$AddToCartButton$FldProductItemAddIsNewPrice" id="body_0_main_1_ProductSearch_GroceryBrowsing_TemplateResult_SearchResultListView_ctrl2_ctl00_7_AddToCartButton_7_FldProductItemAddIsNewPrice_7" />
        <input type="hidden" name="body_0$main_1$ProductSearch$GroceryBrowsing$TemplateResult$SearchResultListView$ctrl2$ctl02$ctl00$AddToCartButton$FldProductItemAddIsOnSale" id="body_0_main_1_ProductSearch_GroceryBrowsing_TemplateResult_SearchResultListView_ctrl2_ctl00_7_AddToCartButton_7_FldProductItemAddIsOnSale_7" />
        <input type="hidden" name="body_0$main_1$ProductSearch$GroceryBrowsing$TemplateResult$SearchResultListView$ctrl2$ctl02$ctl00$AddToCartButton$FldProductItemAddIsOnPromo" id="body_0_main_1_ProductSearch_GroceryBrowsing_TemplateResult_SearchResultListView_ctrl2_ctl00_7_AddToCartButton_7_FldProductItemAddIsOnPromo_7" />
	</span>

	
	<div class="controls push-half--bottom">
		<div class="grid grid--full grid--middle" data-bind="visible: quantity()" style="display:none">
            <div class="grid__item one-third text--left">
                <a href="#" class="btn btn--default item-product__overlay-btn js-ga-decrement" data-bind="click: decrement"><span class="item-product__overlay-btn-label item-product__overlay-minus"><span class="visuallyhidden">-</span></span></a>
            </div>
            <div class="grid__item one-third text--center">
                <label for="body_0_main_1_ProductSearch_GroceryBrowsing_TemplateResult_SearchResultListView_ctrl2_ctl00_7_AddToCartButton_7_TxtNumber_7" id="body_0_main_1_ProductSearch_GroceryBrowsing_TemplateResult_SearchResultListView_ctrl2_ctl00_7_AddToCartButton_7_TxtQtyLabel_7" class="accessibility">Quantity for:  Mango Mania Frozen Fruit $4.99</label>
                <input name="body_0$main_1$ProductSearch$GroceryBrowsing$TemplateResult$SearchResultListView$ctrl2$ctl02$ctl00$AddToCartButton$TxtNumber" type="number" value="1" id="body_0_main_1_ProductSearch_GroceryBrowsing_TemplateResult_SearchResultListView_ctrl2_ctl00_7_AddToCartButton_7_TxtNumber_7" class="js-add-to-cart-quantity" data-bind="&#39;value&#39;: editedQuantity, &#39;valueUpdate&#39;: &#39;afterkeydown&#39;, &#39;enterkey&#39;: saveEditedQuantity, hasFocus: isBeingEdited, selectAllOnClick: true, event: { blur: saveEditedQuantity }" />
            </div>
            <div class="grid__item one-third text--right">
                <a href="#" class="btn btn--default item-product__overlay-btn js-ga-increment" data-bind="click: increment, css: {'is-disabled': isQuantityMaxed}"><span class="item-product__overlay-btn-label item-product__overlay-plus"><span class="visuallyhidden">+</span></span></a>
            </div>
		</div>
		<span class="control  control--fluid controls__add">
			<button data-bind="'click': saveEditedQuantity, visible: !quantity()" class="btn  btn--default  btn--full-width  relative">
				Add to Cart
			</button>
		</span>
	</div>
</div>


                    


<div class="grid grid--full grid--middle js-product-comment-add-to-list-box" style="display: none" data-bind="visible: quantity() && isCommentMustVisible()">
    <div class="grid__item three-quarters text--center">
        <a id="body_0_main_1_ProductSearch_GroceryBrowsing_TemplateResult_SearchResultListView_ctrl2_ctl00_7_AddToListButton_7_BtnAddToListCart_7" class="btn btn--hollow btn--full-width push-half--bottom relative item-product__add-to-list js-addtolist-cta" href="/my-account/login?item=%2fshop-online%2ffrozen" title="Add item to list" class="item-product__add-to-list  js-addtolist-cta" data-comment-hyperlink="1" style="font-size: 12px;">
            <span style="display:inline-block;position:relative;background:inherit;">
                <span class="icn icn-item-list-icon palm--hide"></span>&nbsp;
            </span>
    
            Add to List
            <span class="js-added-to-list-notification item-product__added-to-list-notification" style="display: none; margin-top: -1px;">
                    <span class="icon icon--check icon--medium text--valid push--top"></span>
                </span>
        </a>
    </div>
    <div class="grid__item one-quarter js-add-comment-product-btn text--right" data-bind="template: { afterRender: initAddToList }">

        <button class="btn btn--hollow item-product__overlay-btn js-add-comment-cta push-half--bottom relative" data-bind="css: { 'btn--dark': customerComment() != '' && customerComment() != null }, click: openComentPopup" title="Comment">
            <span class="item-product__overlay-btn-label"><span class="icn" data-bind="css: { 'icon-comment-bubble-filled': customerComment() != '' && customerComment() != null, 'icon-comment-bubble-empty ': customerComment() == '' || customerComment() == null }"></span></span>
        </button>
    </div>
</div>

<div data-bind="visible: !quantity() || !isCommentMustVisible()">
    <a id="body_0_main_1_ProductSearch_GroceryBrowsing_TemplateResult_SearchResultListView_ctrl2_ctl00_7_AddToListButton_7_BtnAddToList_7" class="btn btn--hollow btn--full-width push-half--bottom relative item-product__add-to-list js-addtolist-cta" data-bind="visible: !quantity() || !isCommentMustVisible()" href="/my-account/login?item=%2fshop-online%2ffrozen" title="Add item to list" class="item-product__add-to-list  js-addtolist-cta" data-comment-hyperlink="0">
        <span style="display:inline-block;position:relative;background:inherit;">
            <span class="icn icn-item-list-icon palm--hide"></span>&nbsp;
        </span>
    
        Add to List
            <span class="js-added-to-list-notification item-product__added-to-list-notification" style="display: none; margin-top: -1px;">
                <span class="icon icon--check icon--medium text--valid push--top"></span>
            </span>
    </a>
</div>

<input type="hidden" name="body_0$main_1$ProductSearch$GroceryBrowsing$TemplateResult$SearchResultListView$ctrl2$ctl02$ctl00$AddToListButton$HidCommentVisible" id="body_0_main_1_ProductSearch_GroceryBrowsing_TemplateResult_SearchResultListView_ctrl2_ctl00_7_AddToListButton_7_HidCommentVisible_7" value="1" />

                </div>
            </div>
        </div>
    </div>
</div>

        
	</div>
    
        <div id="body_0_main_1_ProductSearch_GroceryBrowsing_TemplateResult_SearchResultListView_ctrl2_ItemTemplatePanel_8" class="product-tile push--bottom grid__item slim palm--one-half portable--two-quarters desk--one-quarter">
		
            

<div class="item-product js-product js-equalized js-addtolist-container js-ga" data-product="{'ProductId':'00000_000000005772605901','BrandName':'Island Farms','FullDisplayName':'Vanilla Ice Cream','IsAgeRequired':false,'SizeLabel':'','Size':'1.65 L','ProductUrl':'/product/ice-creamvanilla/00000_000000005772605901','ProductImageUrl':'https://az836796.vo.msecnd.net/media/image/product/en/medium/0005772605901.jpg','HasNewPrice':false,'PromotionName':null,'RegularPrice':8.49000,'SalesPrice':7.99000,'CustomerProductComment':null,'PopularityFactor':393.5}" data-bind="onceWith: products.createOrUpdate($element.getAttribute('data-product'))">
    <div class="popular-ribbon" data-bind="visible: popularityFactor() != null && popularityFactor() > 0" style="display: none">
        <span class="ribbon">
            Popular
        </span>
    </div>
    <div class="item-product" data-bind="css: { 'is-in-cart': quantity() }">
        <div class="grid">
            <div class="grid__item">
                <div class="media-overlay js-overlay-controls">
                    <a id="body_0_main_1_ProductSearch_GroceryBrowsing_TemplateResult_SearchResultListView_ctrl2_ctl00_8_ImageLink_8" tabindex="-1" title="Vanilla Ice Cream" class="js-ga-productimage" aria-hidden="true" role="presentation" href="/product/ice-creamvanilla/00000_000000005772605901"><img id="body_0_main_1_ProductSearch_GroceryBrowsing_TemplateResult_SearchResultListView_ctrl2_ctl00_8_ProductImage_8" class="fluid" onerror="this.onerror=null; this.src=globalSettings.ProductImages.Small" role="presentation" src="https://az836796.vo.msecnd.net/media/image/product/en/small/0005772605901.jpg" /></a>
                    
                    
                    <div class="item-product__overlay item-product__overlay--full-height" data-bind="visible: quantity()" style="display: none;">
                        <div>
                            <span class="item-product__quantity js-product-quantity" data-bind="'text': quantity"></span>
                            In your cart
                        </div>
                    </div>
                </div>
            </div>
            <div class="grid__item">
                <div class="item-product__content push--top">
                    <div class="js-equalized-sub-item push-medium--bottom">
                        <div id="body_0_main_1_ProductSearch_GroceryBrowsing_TemplateResult_SearchResultListView_ctrl2_ctl00_8_BrandNameZone_8" class="item-product__brand push--top">
                            Island Farms
                        </div>

                        <h3 class="h4-like">
                            <a id="body_0_main_1_ProductSearch_GroceryBrowsing_TemplateResult_SearchResultListView_ctrl2_ctl00_8_NavigateTo_8" class="js-ga-productname" aria-label="Vanilla Ice Cream" href="/product/ice-creamvanilla/00000_000000005772605901">Vanilla Ice Cream</a>
                        </h3>


                        <div id="body_0_main_1_ProductSearch_GroceryBrowsing_TemplateResult_SearchResultListView_ctrl2_ctl00_8_SizeZone_8" class="item-product__info">
                                
                                

                                1.65 L
                            </div>
                    </div>
                    <div id="body_0_main_1_ProductSearch_GroceryBrowsing_TemplateResult_SearchResultListView_ctrl2_ctl00_8_ListOfPrices_8" class="item-product__prices js-equalized-sub-item2 on-sale">
                        <div class="grid grid--middle">
                            

    <div class="grid__item push-medium--bottom">
        <div class="item-product__price--sale">
            <span class="text--strong">
                <span class="price text--strong" >$7.99</span>
            </span>
        </div>
    </div>



    <div class="grid__item portable-up--two-fifths">
        <div class="item-product__price">
            <span class="price-amount">$8.49</span>
        </div>
    </div>


                            
                                <div class="grid__item portable-up--three-fifths">
                                    <div class="item-product__info palm--hide">
                                        <div class="text--small">
                                            $0.48 / 100ML
                                        </div>
                                    </div>
                                </div>
                            
                        </div>
                    </div>
                </div>

            </div>
            <div class="grid__item">
                <div class="item-product__controls push--bottom">
                    

<div class="add-to-cart js-add-to-cart js-using-cart js-tutorial-addtocart">
	<span class="feedback">
		Product added to cart
	</span>

	<span class="hidden js-product-id">
		<input type="hidden" name="body_0$main_1$ProductSearch$GroceryBrowsing$TemplateResult$SearchResultListView$ctrl2$ctl03$ctl00$AddToCartButton$FldProduct" id="body_0_main_1_ProductSearch_GroceryBrowsing_TemplateResult_SearchResultListView_ctrl2_ctl00_8_AddToCartButton_8_FldProduct_8" value="00000_000000005772605901" />
	</span>
	<span class="hidden js-product-name">
		<input type="hidden" name="body_0$main_1$ProductSearch$GroceryBrowsing$TemplateResult$SearchResultListView$ctrl2$ctl03$ctl00$AddToCartButton$FldProductName" id="body_0_main_1_ProductSearch_GroceryBrowsing_TemplateResult_SearchResultListView_ctrl2_ctl00_8_AddToCartButton_8_FldProductName_8" />
	</span>
	<span class="hidden js-product-price">
		<input type="hidden" name="body_0$main_1$ProductSearch$GroceryBrowsing$TemplateResult$SearchResultListView$ctrl2$ctl03$ctl00$AddToCartButton$FldProductPrice" id="body_0_main_1_ProductSearch_GroceryBrowsing_TemplateResult_SearchResultListView_ctrl2_ctl00_8_AddToCartButton_8_FldProductPrice_8" />
	</span>
    <span class="hidden js-product-isnewprice">
		<input type="hidden" name="body_0$main_1$ProductSearch$GroceryBrowsing$TemplateResult$SearchResultListView$ctrl2$ctl03$ctl00$AddToCartButton$FldProductIsNewPrice" id="body_0_main_1_ProductSearch_GroceryBrowsing_TemplateResult_SearchResultListView_ctrl2_ctl00_8_AddToCartButton_8_FldProductIsNewPrice_8" />
	</span>
    <span class="hidden js-product-isonsale">
		<input type="hidden" name="body_0$main_1$ProductSearch$GroceryBrowsing$TemplateResult$SearchResultListView$ctrl2$ctl03$ctl00$AddToCartButton$FldProductIsOnSale" id="body_0_main_1_ProductSearch_GroceryBrowsing_TemplateResult_SearchResultListView_ctrl2_ctl00_8_AddToCartButton_8_FldProductIsOnSale_8" />
	</span>
    <span class="hidden js-product-isonpromo">
		<input type="hidden" name="body_0$main_1$ProductSearch$GroceryBrowsing$TemplateResult$SearchResultListView$ctrl2$ctl03$ctl00$AddToCartButton$FldProductIsOnPromo" id="body_0_main_1_ProductSearch_GroceryBrowsing_TemplateResult_SearchResultListView_ctrl2_ctl00_8_AddToCartButton_8_FldProductIsOnPromo_8" />
	</span>
	<span class="hidden js-ga-addToCart">
		<input type="hidden" name="body_0$main_1$ProductSearch$GroceryBrowsing$TemplateResult$SearchResultListView$ctrl2$ctl03$ctl00$AddToCartButton$FldProductItemAddName" id="body_0_main_1_ProductSearch_GroceryBrowsing_TemplateResult_SearchResultListView_ctrl2_ctl00_8_AddToCartButton_8_FldProductItemAddName_8" />
		<input type="hidden" name="body_0$main_1$ProductSearch$GroceryBrowsing$TemplateResult$SearchResultListView$ctrl2$ctl03$ctl00$AddToCartButton$FldProductItemAddPrice" id="body_0_main_1_ProductSearch_GroceryBrowsing_TemplateResult_SearchResultListView_ctrl2_ctl00_8_AddToCartButton_8_FldProductItemAddPrice_8" />
        <input type="hidden" name="body_0$main_1$ProductSearch$GroceryBrowsing$TemplateResult$SearchResultListView$ctrl2$ctl03$ctl00$AddToCartButton$FldProductItemAddIsNewPrice" id="body_0_main_1_ProductSearch_GroceryBrowsing_TemplateResult_SearchResultListView_ctrl2_ctl00_8_AddToCartButton_8_FldProductItemAddIsNewPrice_8" />
        <input type="hidden" name="body_0$main_1$ProductSearch$GroceryBrowsing$TemplateResult$SearchResultListView$ctrl2$ctl03$ctl00$AddToCartButton$FldProductItemAddIsOnSale" id="body_0_main_1_ProductSearch_GroceryBrowsing_TemplateResult_SearchResultListView_ctrl2_ctl00_8_AddToCartButton_8_FldProductItemAddIsOnSale_8" />
        <input type="hidden" name="body_0$main_1$ProductSearch$GroceryBrowsing$TemplateResult$SearchResultListView$ctrl2$ctl03$ctl00$AddToCartButton$FldProductItemAddIsOnPromo" id="body_0_main_1_ProductSearch_GroceryBrowsing_TemplateResult_SearchResultListView_ctrl2_ctl00_8_AddToCartButton_8_FldProductItemAddIsOnPromo_8" />
	</span>

	
	<div class="controls push-half--bottom">
		<div class="grid grid--full grid--middle" data-bind="visible: quantity()" style="display:none">
            <div class="grid__item one-third text--left">
                <a href="#" class="btn btn--default item-product__overlay-btn js-ga-decrement" data-bind="click: decrement"><span class="item-product__overlay-btn-label item-product__overlay-minus"><span class="visuallyhidden">-</span></span></a>
            </div>
            <div class="grid__item one-third text--center">
                <label for="body_0_main_1_ProductSearch_GroceryBrowsing_TemplateResult_SearchResultListView_ctrl2_ctl00_8_AddToCartButton_8_TxtNumber_8" id="body_0_main_1_ProductSearch_GroceryBrowsing_TemplateResult_SearchResultListView_ctrl2_ctl00_8_AddToCartButton_8_TxtQtyLabel_8" class="accessibility">Quantity for:  Vanilla Ice Cream $7.99</label>
                <input name="body_0$main_1$ProductSearch$GroceryBrowsing$TemplateResult$SearchResultListView$ctrl2$ctl03$ctl00$AddToCartButton$TxtNumber" type="number" value="1" id="body_0_main_1_ProductSearch_GroceryBrowsing_TemplateResult_SearchResultListView_ctrl2_ctl00_8_AddToCartButton_8_TxtNumber_8" class="js-add-to-cart-quantity" data-bind="&#39;value&#39;: editedQuantity, &#39;valueUpdate&#39;: &#39;afterkeydown&#39;, &#39;enterkey&#39;: saveEditedQuantity, hasFocus: isBeingEdited, selectAllOnClick: true, event: { blur: saveEditedQuantity }" />
            </div>
            <div class="grid__item one-third text--right">
                <a href="#" class="btn btn--default item-product__overlay-btn js-ga-increment" data-bind="click: increment, css: {'is-disabled': isQuantityMaxed}"><span class="item-product__overlay-btn-label item-product__overlay-plus"><span class="visuallyhidden">+</span></span></a>
            </div>
		</div>
		<span class="control  control--fluid controls__add">
			<button data-bind="'click': saveEditedQuantity, visible: !quantity()" class="btn  btn--default  btn--full-width  relative">
				Add to Cart
			</button>
		</span>
	</div>
</div>


                    


<div class="grid grid--full grid--middle js-product-comment-add-to-list-box" style="display: none" data-bind="visible: quantity() && isCommentMustVisible()">
    <div class="grid__item three-quarters text--center">
        <a id="body_0_main_1_ProductSearch_GroceryBrowsing_TemplateResult_SearchResultListView_ctrl2_ctl00_8_AddToListButton_8_BtnAddToListCart_8" class="btn btn--hollow btn--full-width push-half--bottom relative item-product__add-to-list js-addtolist-cta" href="/my-account/login?item=%2fshop-online%2ffrozen" title="Add item to list" class="item-product__add-to-list  js-addtolist-cta" data-comment-hyperlink="1" style="font-size: 12px;">
            <span style="display:inline-block;position:relative;background:inherit;">
                <span class="icn icn-item-list-icon palm--hide"></span>&nbsp;
            </span>
    
            Add to List
            <span class="js-added-to-list-notification item-product__added-to-list-notification" style="display: none; margin-top: -1px;">
                    <span class="icon icon--check icon--medium text--valid push--top"></span>
                </span>
        </a>
    </div>
    <div class="grid__item one-quarter js-add-comment-product-btn text--right" data-bind="template: { afterRender: initAddToList }">

        <button class="btn btn--hollow item-product__overlay-btn js-add-comment-cta push-half--bottom relative" data-bind="css: { 'btn--dark': customerComment() != '' && customerComment() != null }, click: openComentPopup" title="Comment">
            <span class="item-product__overlay-btn-label"><span class="icn" data-bind="css: { 'icon-comment-bubble-filled': customerComment() != '' && customerComment() != null, 'icon-comment-bubble-empty ': customerComment() == '' || customerComment() == null }"></span></span>
        </button>
    </div>
</div>

<div data-bind="visible: !quantity() || !isCommentMustVisible()">
    <a id="body_0_main_1_ProductSearch_GroceryBrowsing_TemplateResult_SearchResultListView_ctrl2_ctl00_8_AddToListButton_8_BtnAddToList_8" class="btn btn--hollow btn--full-width push-half--bottom relative item-product__add-to-list js-addtolist-cta" data-bind="visible: !quantity() || !isCommentMustVisible()" href="/my-account/login?item=%2fshop-online%2ffrozen" title="Add item to list" class="item-product__add-to-list  js-addtolist-cta" data-comment-hyperlink="0">
        <span style="display:inline-block;position:relative;background:inherit;">
            <span class="icn icn-item-list-icon palm--hide"></span>&nbsp;
        </span>
    
        Add to List
            <span class="js-added-to-list-notification item-product__added-to-list-notification" style="display: none; margin-top: -1px;">
                <span class="icon icon--check icon--medium text--valid push--top"></span>
            </span>
    </a>
</div>

<input type="hidden" name="body_0$main_1$ProductSearch$GroceryBrowsing$TemplateResult$SearchResultListView$ctrl2$ctl03$ctl00$AddToListButton$HidCommentVisible" id="body_0_main_1_ProductSearch_GroceryBrowsing_TemplateResult_SearchResultListView_ctrl2_ctl00_8_AddToListButton_8_HidCommentVisible_8" value="1" />

                </div>
            </div>
        </div>
    </div>
</div>

        
	</div>
    
        <div id="body_0_main_1_ProductSearch_GroceryBrowsing_TemplateResult_SearchResultListView_ctrl2_ItemTemplatePanel_9" class="product-tile push--bottom grid__item slim palm--one-half portable--two-quarters desk--one-quarter">
		
            

<div class="item-product js-product js-equalized js-addtolist-container js-ga" data-product="{'ProductId':'00000_000000005574236577','BrandName':'Compliments','FullDisplayName':'Wild Jumbleberry Fruit Blend Frozen Fruit','IsAgeRequired':false,'SizeLabel':'','Size':'600 g','ProductUrl':'/product/frozen-fruitwild-jumbleberry-fruit-blend/00000_000000005574236577','ProductImageUrl':'https://az836796.vo.msecnd.net/media/image/product/en/medium/0005574236577.jpg','HasNewPrice':false,'PromotionName':null,'RegularPrice':5.29000,'SalesPrice':4.99000,'CustomerProductComment':null,'PopularityFactor':400.0}" data-bind="onceWith: products.createOrUpdate($element.getAttribute('data-product'))">
    <div class="popular-ribbon" data-bind="visible: popularityFactor() != null && popularityFactor() > 0" style="display: none">
        <span class="ribbon">
            Popular
        </span>
    </div>
    <div class="item-product" data-bind="css: { 'is-in-cart': quantity() }">
        <div class="grid">
            <div class="grid__item">
                <div class="media-overlay js-overlay-controls">
                    <a id="body_0_main_1_ProductSearch_GroceryBrowsing_TemplateResult_SearchResultListView_ctrl2_ctl00_9_ImageLink_9" tabindex="-1" title="Wild Jumbleberry Fruit Blend Frozen Fruit" class="js-ga-productimage" aria-hidden="true" role="presentation" href="/product/frozen-fruitwild-jumbleberry-fruit-blend/00000_000000005574236577"><img id="body_0_main_1_ProductSearch_GroceryBrowsing_TemplateResult_SearchResultListView_ctrl2_ctl00_9_ProductImage_9" class="fluid" onerror="this.onerror=null; this.src=globalSettings.ProductImages.Small" role="presentation" src="https://az836796.vo.msecnd.net/media/image/product/en/small/0005574236577.jpg" /></a>
                    
                    
                    <div class="item-product__overlay item-product__overlay--full-height" data-bind="visible: quantity()" style="display: none;">
                        <div>
                            <span class="item-product__quantity js-product-quantity" data-bind="'text': quantity"></span>
                            In your cart
                        </div>
                    </div>
                </div>
            </div>
            <div class="grid__item">
                <div class="item-product__content push--top">
                    <div class="js-equalized-sub-item push-medium--bottom">
                        <div id="body_0_main_1_ProductSearch_GroceryBrowsing_TemplateResult_SearchResultListView_ctrl2_ctl00_9_BrandNameZone_9" class="item-product__brand push--top">
                            Compliments
                        </div>

                        <h3 class="h4-like">
                            <a id="body_0_main_1_ProductSearch_GroceryBrowsing_TemplateResult_SearchResultListView_ctrl2_ctl00_9_NavigateTo_9" class="js-ga-productname" aria-label="Wild Jumbleberry Fruit Blend Frozen Fruit" href="/product/frozen-fruitwild-jumbleberry-fruit-blend/00000_000000005574236577">Wild Jumbleberry Fruit Blend Frozen Fruit</a>
                        </h3>


                        <div id="body_0_main_1_ProductSearch_GroceryBrowsing_TemplateResult_SearchResultListView_ctrl2_ctl00_9_SizeZone_9" class="item-product__info">
                                
                                

                                600 g
                            </div>
                    </div>
                    <div id="body_0_main_1_ProductSearch_GroceryBrowsing_TemplateResult_SearchResultListView_ctrl2_ctl00_9_ListOfPrices_9" class="item-product__prices js-equalized-sub-item2 on-sale">
                        <div class="grid grid--middle">
                            

    <div class="grid__item push-medium--bottom">
        <div class="item-product__price--sale">
            <span class="text--strong">
                <span class="price text--strong" >$4.99</span>
            </span>
        </div>
    </div>



    <div class="grid__item portable-up--two-fifths">
        <div class="item-product__price">
            <span class="price-amount">$5.29</span>
        </div>
    </div>


                            
                                <div class="grid__item portable-up--three-fifths">
                                    <div class="item-product__info palm--hide">
                                        <div class="text--small">
                                            $0.83 / 100G
                                        </div>
                                    </div>
                                </div>
                            
                        </div>
                    </div>
                </div>

            </div>
            <div class="grid__item">
                <div class="item-product__controls push--bottom">
                    

<div class="add-to-cart js-add-to-cart js-using-cart js-tutorial-addtocart">
	<span class="feedback">
		Product added to cart
	</span>

	<span class="hidden js-product-id">
		<input type="hidden" name="body_0$main_1$ProductSearch$GroceryBrowsing$TemplateResult$SearchResultListView$ctrl2$ctl04$ctl00$AddToCartButton$FldProduct" id="body_0_main_1_ProductSearch_GroceryBrowsing_TemplateResult_SearchResultListView_ctrl2_ctl00_9_AddToCartButton_9_FldProduct_9" value="00000_000000005574236577" />
	</span>
	<span class="hidden js-product-name">
		<input type="hidden" name="body_0$main_1$ProductSearch$GroceryBrowsing$TemplateResult$SearchResultListView$ctrl2$ctl04$ctl00$AddToCartButton$FldProductName" id="body_0_main_1_ProductSearch_GroceryBrowsing_TemplateResult_SearchResultListView_ctrl2_ctl00_9_AddToCartButton_9_FldProductName_9" />
	</span>
	<span class="hidden js-product-price">
		<input type="hidden" name="body_0$main_1$ProductSearch$GroceryBrowsing$TemplateResult$SearchResultListView$ctrl2$ctl04$ctl00$AddToCartButton$FldProductPrice" id="body_0_main_1_ProductSearch_GroceryBrowsing_TemplateResult_SearchResultListView_ctrl2_ctl00_9_AddToCartButton_9_FldProductPrice_9" />
	</span>
    <span class="hidden js-product-isnewprice">
		<input type="hidden" name="body_0$main_1$ProductSearch$GroceryBrowsing$TemplateResult$SearchResultListView$ctrl2$ctl04$ctl00$AddToCartButton$FldProductIsNewPrice" id="body_0_main_1_ProductSearch_GroceryBrowsing_TemplateResult_SearchResultListView_ctrl2_ctl00_9_AddToCartButton_9_FldProductIsNewPrice_9" />
	</span>
    <span class="hidden js-product-isonsale">
		<input type="hidden" name="body_0$main_1$ProductSearch$GroceryBrowsing$TemplateResult$SearchResultListView$ctrl2$ctl04$ctl00$AddToCartButton$FldProductIsOnSale" id="body_0_main_1_ProductSearch_GroceryBrowsing_TemplateResult_SearchResultListView_ctrl2_ctl00_9_AddToCartButton_9_FldProductIsOnSale_9" />
	</span>
    <span class="hidden js-product-isonpromo">
		<input type="hidden" name="body_0$main_1$ProductSearch$GroceryBrowsing$TemplateResult$SearchResultListView$ctrl2$ctl04$ctl00$AddToCartButton$FldProductIsOnPromo" id="body_0_main_1_ProductSearch_GroceryBrowsing_TemplateResult_SearchResultListView_ctrl2_ctl00_9_AddToCartButton_9_FldProductIsOnPromo_9" />
	</span>
	<span class="hidden js-ga-addToCart">
		<input type="hidden" name="body_0$main_1$ProductSearch$GroceryBrowsing$TemplateResult$SearchResultListView$ctrl2$ctl04$ctl00$AddToCartButton$FldProductItemAddName" id="body_0_main_1_ProductSearch_GroceryBrowsing_TemplateResult_SearchResultListView_ctrl2_ctl00_9_AddToCartButton_9_FldProductItemAddName_9" />
		<input type="hidden" name="body_0$main_1$ProductSearch$GroceryBrowsing$TemplateResult$SearchResultListView$ctrl2$ctl04$ctl00$AddToCartButton$FldProductItemAddPrice" id="body_0_main_1_ProductSearch_GroceryBrowsing_TemplateResult_SearchResultListView_ctrl2_ctl00_9_AddToCartButton_9_FldProductItemAddPrice_9" />
        <input type="hidden" name="body_0$main_1$ProductSearch$GroceryBrowsing$TemplateResult$SearchResultListView$ctrl2$ctl04$ctl00$AddToCartButton$FldProductItemAddIsNewPrice" id="body_0_main_1_ProductSearch_GroceryBrowsing_TemplateResult_SearchResultListView_ctrl2_ctl00_9_AddToCartButton_9_FldProductItemAddIsNewPrice_9" />
        <input type="hidden" name="body_0$main_1$ProductSearch$GroceryBrowsing$TemplateResult$SearchResultListView$ctrl2$ctl04$ctl00$AddToCartButton$FldProductItemAddIsOnSale" id="body_0_main_1_ProductSearch_GroceryBrowsing_TemplateResult_SearchResultListView_ctrl2_ctl00_9_AddToCartButton_9_FldProductItemAddIsOnSale_9" />
        <input type="hidden" name="body_0$main_1$ProductSearch$GroceryBrowsing$TemplateResult$SearchResultListView$ctrl2$ctl04$ctl00$AddToCartButton$FldProductItemAddIsOnPromo" id="body_0_main_1_ProductSearch_GroceryBrowsing_TemplateResult_SearchResultListView_ctrl2_ctl00_9_AddToCartButton_9_FldProductItemAddIsOnPromo_9" />
	</span>

	
	<div class="controls push-half--bottom">
		<div class="grid grid--full grid--middle" data-bind="visible: quantity()" style="display:none">
            <div class="grid__item one-third text--left">
                <a href="#" class="btn btn--default item-product__overlay-btn js-ga-decrement" data-bind="click: decrement"><span class="item-product__overlay-btn-label item-product__overlay-minus"><span class="visuallyhidden">-</span></span></a>
            </div>
            <div class="grid__item one-third text--center">
                <label for="body_0_main_1_ProductSearch_GroceryBrowsing_TemplateResult_SearchResultListView_ctrl2_ctl00_9_AddToCartButton_9_TxtNumber_9" id="body_0_main_1_ProductSearch_GroceryBrowsing_TemplateResult_SearchResultListView_ctrl2_ctl00_9_AddToCartButton_9_TxtQtyLabel_9" class="accessibility">Quantity for:  Wild Jumbleberry Fruit Blend Frozen Fruit $4.99</label>
                <input name="body_0$main_1$ProductSearch$GroceryBrowsing$TemplateResult$SearchResultListView$ctrl2$ctl04$ctl00$AddToCartButton$TxtNumber" type="number" value="1" id="body_0_main_1_ProductSearch_GroceryBrowsing_TemplateResult_SearchResultListView_ctrl2_ctl00_9_AddToCartButton_9_TxtNumber_9" class="js-add-to-cart-quantity" data-bind="&#39;value&#39;: editedQuantity, &#39;valueUpdate&#39;: &#39;afterkeydown&#39;, &#39;enterkey&#39;: saveEditedQuantity, hasFocus: isBeingEdited, selectAllOnClick: true, event: { blur: saveEditedQuantity }" />
            </div>
            <div class="grid__item one-third text--right">
                <a href="#" class="btn btn--default item-product__overlay-btn js-ga-increment" data-bind="click: increment, css: {'is-disabled': isQuantityMaxed}"><span class="item-product__overlay-btn-label item-product__overlay-plus"><span class="visuallyhidden">+</span></span></a>
            </div>
		</div>
		<span class="control  control--fluid controls__add">
			<button data-bind="'click': saveEditedQuantity, visible: !quantity()" class="btn  btn--default  btn--full-width  relative">
				Add to Cart
			</button>
		</span>
	</div>
</div>


                    


<div class="grid grid--full grid--middle js-product-comment-add-to-list-box" style="display: none" data-bind="visible: quantity() && isCommentMustVisible()">
    <div class="grid__item three-quarters text--center">
        <a id="body_0_main_1_ProductSearch_GroceryBrowsing_TemplateResult_SearchResultListView_ctrl2_ctl00_9_AddToListButton_9_BtnAddToListCart_9" class="btn btn--hollow btn--full-width push-half--bottom relative item-product__add-to-list js-addtolist-cta" href="/my-account/login?item=%2fshop-online%2ffrozen" title="Add item to list" class="item-product__add-to-list  js-addtolist-cta" data-comment-hyperlink="1" style="font-size: 12px;">
            <span style="display:inline-block;position:relative;background:inherit;">
                <span class="icn icn-item-list-icon palm--hide"></span>&nbsp;
            </span>
    
            Add to List
            <span class="js-added-to-list-notification item-product__added-to-list-notification" style="display: none; margin-top: -1px;">
                    <span class="icon icon--check icon--medium text--valid push--top"></span>
                </span>
        </a>
    </div>
    <div class="grid__item one-quarter js-add-comment-product-btn text--right" data-bind="template: { afterRender: initAddToList }">

        <button class="btn btn--hollow item-product__overlay-btn js-add-comment-cta push-half--bottom relative" data-bind="css: { 'btn--dark': customerComment() != '' && customerComment() != null }, click: openComentPopup" title="Comment">
            <span class="item-product__overlay-btn-label"><span class="icn" data-bind="css: { 'icon-comment-bubble-filled': customerComment() != '' && customerComment() != null, 'icon-comment-bubble-empty ': customerComment() == '' || customerComment() == null }"></span></span>
        </button>
    </div>
</div>

<div data-bind="visible: !quantity() || !isCommentMustVisible()">
    <a id="body_0_main_1_ProductSearch_GroceryBrowsing_TemplateResult_SearchResultListView_ctrl2_ctl00_9_AddToListButton_9_BtnAddToList_9" class="btn btn--hollow btn--full-width push-half--bottom relative item-product__add-to-list js-addtolist-cta" data-bind="visible: !quantity() || !isCommentMustVisible()" href="/my-account/login?item=%2fshop-online%2ffrozen" title="Add item to list" class="item-product__add-to-list  js-addtolist-cta" data-comment-hyperlink="0">
        <span style="display:inline-block;position:relative;background:inherit;">
            <span class="icn icn-item-list-icon palm--hide"></span>&nbsp;
        </span>
    
        Add to List
            <span class="js-added-to-list-notification item-product__added-to-list-notification" style="display: none; margin-top: -1px;">
                <span class="icon icon--check icon--medium text--valid push--top"></span>
            </span>
    </a>
</div>

<input type="hidden" name="body_0$main_1$ProductSearch$GroceryBrowsing$TemplateResult$SearchResultListView$ctrl2$ctl04$ctl00$AddToListButton$HidCommentVisible" id="body_0_main_1_ProductSearch_GroceryBrowsing_TemplateResult_SearchResultListView_ctrl2_ctl00_9_AddToListButton_9_HidCommentVisible_9" value="1" />

                </div>
            </div>
        </div>
    </div>
</div>

        
	</div>
    
    
    
        
        <div id="body_0_main_1_ProductSearch_GroceryBrowsing_TemplateResult_SearchResultListView_ctrl4_ItemTemplatePanel_10" class="product-tile push--bottom grid__item slim palm--one-half portable--two-quarters desk--one-quarter">
		
            

<div class="item-product js-product js-equalized js-addtolist-container js-ga" data-product="{'ProductId':'00000_000000005833617006','BrandName':'Dr. Oetker','FullDisplayName':'Ristorante Thin Crust 4 Cheese Pizza','IsAgeRequired':false,'SizeLabel':'','Size':'340 g','ProductUrl':'/product/pizzaristorante-thin-crust-4-cheese/00000_000000005833617006','ProductImageUrl':'https://az836796.vo.msecnd.net/media/image/product/en/medium/0005833617006.jpg','HasNewPrice':false,'PromotionName':null,'RegularPrice':6.49000,'SalesPrice':5.99000,'CustomerProductComment':null,'PopularityFactor':413.5}" data-bind="onceWith: products.createOrUpdate($element.getAttribute('data-product'))">
    <div class="popular-ribbon" data-bind="visible: popularityFactor() != null && popularityFactor() > 0" style="display: none">
        <span class="ribbon">
            Popular
        </span>
    </div>
    <div class="item-product" data-bind="css: { 'is-in-cart': quantity() }">
        <div class="grid">
            <div class="grid__item">
                <div class="media-overlay js-overlay-controls">
                    <a id="body_0_main_1_ProductSearch_GroceryBrowsing_TemplateResult_SearchResultListView_ctrl4_ctl00_10_ImageLink_10" tabindex="-1" title="Ristorante Thin Crust 4 Cheese Pizza" class="js-ga-productimage" aria-hidden="true" role="presentation" href="/product/pizzaristorante-thin-crust-4-cheese/00000_000000005833617006"><img id="body_0_main_1_ProductSearch_GroceryBrowsing_TemplateResult_SearchResultListView_ctrl4_ctl00_10_ProductImage_10" class="fluid" onerror="this.onerror=null; this.src=globalSettings.ProductImages.Small" role="presentation" src="https://az836796.vo.msecnd.net/media/image/product/en/small/0005833617006.jpg" /></a>
                    
                    
                    <div class="item-product__overlay item-product__overlay--full-height" data-bind="visible: quantity()" style="display: none;">
                        <div>
                            <span class="item-product__quantity js-product-quantity" data-bind="'text': quantity"></span>
                            In your cart
                        </div>
                    </div>
                </div>
            </div>
            <div class="grid__item">
                <div class="item-product__content push--top">
                    <div class="js-equalized-sub-item push-medium--bottom">
                        <div id="body_0_main_1_ProductSearch_GroceryBrowsing_TemplateResult_SearchResultListView_ctrl4_ctl00_10_BrandNameZone_10" class="item-product__brand push--top">
                            Dr. Oetker
                        </div>

                        <h3 class="h4-like">
                            <a id="body_0_main_1_ProductSearch_GroceryBrowsing_TemplateResult_SearchResultListView_ctrl4_ctl00_10_NavigateTo_10" class="js-ga-productname" aria-label="Ristorante Thin Crust 4 Cheese Pizza" href="/product/pizzaristorante-thin-crust-4-cheese/00000_000000005833617006">Ristorante Thin Crust 4 Cheese Pizza</a>
                        </h3>


                        <div id="body_0_main_1_ProductSearch_GroceryBrowsing_TemplateResult_SearchResultListView_ctrl4_ctl00_10_SizeZone_10" class="item-product__info">
                                
                                

                                340 g
                            </div>
                    </div>
                    <div id="body_0_main_1_ProductSearch_GroceryBrowsing_TemplateResult_SearchResultListView_ctrl4_ctl00_10_ListOfPrices_10" class="item-product__prices js-equalized-sub-item2 on-sale">
                        <div class="grid grid--middle">
                            

    <div class="grid__item push-medium--bottom">
        <div class="item-product__price--sale">
            <span class="text--strong">
                <span class="price text--strong" >$5.99</span>
            </span>
        </div>
    </div>



    <div class="grid__item portable-up--two-fifths">
        <div class="item-product__price">
            <span class="price-amount">$6.49</span>
        </div>
    </div>


                            
                                <div class="grid__item portable-up--three-fifths">
                                    <div class="item-product__info palm--hide">
                                        <div class="text--small">
                                            $1.76 / 100G
                                        </div>
                                    </div>
                                </div>
                            
                        </div>
                    </div>
                </div>

            </div>
            <div class="grid__item">
                <div class="item-product__controls push--bottom">
                    

<div class="add-to-cart js-add-to-cart js-using-cart js-tutorial-addtocart">
	<span class="feedback">
		Product added to cart
	</span>

	<span class="hidden js-product-id">
		<input type="hidden" name="body_0$main_1$ProductSearch$GroceryBrowsing$TemplateResult$SearchResultListView$ctrl4$ctl00$ctl00$AddToCartButton$FldProduct" id="body_0_main_1_ProductSearch_GroceryBrowsing_TemplateResult_SearchResultListView_ctrl4_ctl00_10_AddToCartButton_10_FldProduct_10" value="00000_000000005833617006" />
	</span>
	<span class="hidden js-product-name">
		<input type="hidden" name="body_0$main_1$ProductSearch$GroceryBrowsing$TemplateResult$SearchResultListView$ctrl4$ctl00$ctl00$AddToCartButton$FldProductName" id="body_0_main_1_ProductSearch_GroceryBrowsing_TemplateResult_SearchResultListView_ctrl4_ctl00_10_AddToCartButton_10_FldProductName_10" />
	</span>
	<span class="hidden js-product-price">
		<input type="hidden" name="body_0$main_1$ProductSearch$GroceryBrowsing$TemplateResult$SearchResultListView$ctrl4$ctl00$ctl00$AddToCartButton$FldProductPrice" id="body_0_main_1_ProductSearch_GroceryBrowsing_TemplateResult_SearchResultListView_ctrl4_ctl00_10_AddToCartButton_10_FldProductPrice_10" />
	</span>
    <span class="hidden js-product-isnewprice">
		<input type="hidden" name="body_0$main_1$ProductSearch$GroceryBrowsing$TemplateResult$SearchResultListView$ctrl4$ctl00$ctl00$AddToCartButton$FldProductIsNewPrice" id="body_0_main_1_ProductSearch_GroceryBrowsing_TemplateResult_SearchResultListView_ctrl4_ctl00_10_AddToCartButton_10_FldProductIsNewPrice_10" />
	</span>
    <span class="hidden js-product-isonsale">
		<input type="hidden" name="body_0$main_1$ProductSearch$GroceryBrowsing$TemplateResult$SearchResultListView$ctrl4$ctl00$ctl00$AddToCartButton$FldProductIsOnSale" id="body_0_main_1_ProductSearch_GroceryBrowsing_TemplateResult_SearchResultListView_ctrl4_ctl00_10_AddToCartButton_10_FldProductIsOnSale_10" />
	</span>
    <span class="hidden js-product-isonpromo">
		<input type="hidden" name="body_0$main_1$ProductSearch$GroceryBrowsing$TemplateResult$SearchResultListView$ctrl4$ctl00$ctl00$AddToCartButton$FldProductIsOnPromo" id="body_0_main_1_ProductSearch_GroceryBrowsing_TemplateResult_SearchResultListView_ctrl4_ctl00_10_AddToCartButton_10_FldProductIsOnPromo_10" />
	</span>
	<span class="hidden js-ga-addToCart">
		<input type="hidden" name="body_0$main_1$ProductSearch$GroceryBrowsing$TemplateResult$SearchResultListView$ctrl4$ctl00$ctl00$AddToCartButton$FldProductItemAddName" id="body_0_main_1_ProductSearch_GroceryBrowsing_TemplateResult_SearchResultListView_ctrl4_ctl00_10_AddToCartButton_10_FldProductItemAddName_10" />
		<input type="hidden" name="body_0$main_1$ProductSearch$GroceryBrowsing$TemplateResult$SearchResultListView$ctrl4$ctl00$ctl00$AddToCartButton$FldProductItemAddPrice" id="body_0_main_1_ProductSearch_GroceryBrowsing_TemplateResult_SearchResultListView_ctrl4_ctl00_10_AddToCartButton_10_FldProductItemAddPrice_10" />
        <input type="hidden" name="body_0$main_1$ProductSearch$GroceryBrowsing$TemplateResult$SearchResultListView$ctrl4$ctl00$ctl00$AddToCartButton$FldProductItemAddIsNewPrice" id="body_0_main_1_ProductSearch_GroceryBrowsing_TemplateResult_SearchResultListView_ctrl4_ctl00_10_AddToCartButton_10_FldProductItemAddIsNewPrice_10" />
        <input type="hidden" name="body_0$main_1$ProductSearch$GroceryBrowsing$TemplateResult$SearchResultListView$ctrl4$ctl00$ctl00$AddToCartButton$FldProductItemAddIsOnSale" id="body_0_main_1_ProductSearch_GroceryBrowsing_TemplateResult_SearchResultListView_ctrl4_ctl00_10_AddToCartButton_10_FldProductItemAddIsOnSale_10" />
        <input type="hidden" name="body_0$main_1$ProductSearch$GroceryBrowsing$TemplateResult$SearchResultListView$ctrl4$ctl00$ctl00$AddToCartButton$FldProductItemAddIsOnPromo" id="body_0_main_1_ProductSearch_GroceryBrowsing_TemplateResult_SearchResultListView_ctrl4_ctl00_10_AddToCartButton_10_FldProductItemAddIsOnPromo_10" />
	</span>

	
	<div class="controls push-half--bottom">
		<div class="grid grid--full grid--middle" data-bind="visible: quantity()" style="display:none">
            <div class="grid__item one-third text--left">
                <a href="#" class="btn btn--default item-product__overlay-btn js-ga-decrement" data-bind="click: decrement"><span class="item-product__overlay-btn-label item-product__overlay-minus"><span class="visuallyhidden">-</span></span></a>
            </div>
            <div class="grid__item one-third text--center">
                <label for="body_0_main_1_ProductSearch_GroceryBrowsing_TemplateResult_SearchResultListView_ctrl4_ctl00_10_AddToCartButton_10_TxtNumber_10" id="body_0_main_1_ProductSearch_GroceryBrowsing_TemplateResult_SearchResultListView_ctrl4_ctl00_10_AddToCartButton_10_TxtQtyLabel_10" class="accessibility">Quantity for:  Ristorante Thin Crust 4 Cheese Pizza $5.99</label>
                <input name="body_0$main_1$ProductSearch$GroceryBrowsing$TemplateResult$SearchResultListView$ctrl4$ctl00$ctl00$AddToCartButton$TxtNumber" type="number" value="1" id="body_0_main_1_ProductSearch_GroceryBrowsing_TemplateResult_SearchResultListView_ctrl4_ctl00_10_AddToCartButton_10_TxtNumber_10" class="js-add-to-cart-quantity" data-bind="&#39;value&#39;: editedQuantity, &#39;valueUpdate&#39;: &#39;afterkeydown&#39;, &#39;enterkey&#39;: saveEditedQuantity, hasFocus: isBeingEdited, selectAllOnClick: true, event: { blur: saveEditedQuantity }" />
            </div>
            <div class="grid__item one-third text--right">
                <a href="#" class="btn btn--default item-product__overlay-btn js-ga-increment" data-bind="click: increment, css: {'is-disabled': isQuantityMaxed}"><span class="item-product__overlay-btn-label item-product__overlay-plus"><span class="visuallyhidden">+</span></span></a>
            </div>
		</div>
		<span class="control  control--fluid controls__add">
			<button data-bind="'click': saveEditedQuantity, visible: !quantity()" class="btn  btn--default  btn--full-width  relative">
				Add to Cart
			</button>
		</span>
	</div>
</div>


                    


<div class="grid grid--full grid--middle js-product-comment-add-to-list-box" style="display: none" data-bind="visible: quantity() && isCommentMustVisible()">
    <div class="grid__item three-quarters text--center">
        <a id="body_0_main_1_ProductSearch_GroceryBrowsing_TemplateResult_SearchResultListView_ctrl4_ctl00_10_AddToListButton_10_BtnAddToListCart_10" class="btn btn--hollow btn--full-width push-half--bottom relative item-product__add-to-list js-addtolist-cta" href="/my-account/login?item=%2fshop-online%2ffrozen" title="Add item to list" class="item-product__add-to-list  js-addtolist-cta" data-comment-hyperlink="1" style="font-size: 12px;">
            <span style="display:inline-block;position:relative;background:inherit;">
                <span class="icn icn-item-list-icon palm--hide"></span>&nbsp;
            </span>
    
            Add to List
            <span class="js-added-to-list-notification item-product__added-to-list-notification" style="display: none; margin-top: -1px;">
                    <span class="icon icon--check icon--medium text--valid push--top"></span>
                </span>
        </a>
    </div>
    <div class="grid__item one-quarter js-add-comment-product-btn text--right" data-bind="template: { afterRender: initAddToList }">

        <button class="btn btn--hollow item-product__overlay-btn js-add-comment-cta push-half--bottom relative" data-bind="css: { 'btn--dark': customerComment() != '' && customerComment() != null }, click: openComentPopup" title="Comment">
            <span class="item-product__overlay-btn-label"><span class="icn" data-bind="css: { 'icon-comment-bubble-filled': customerComment() != '' && customerComment() != null, 'icon-comment-bubble-empty ': customerComment() == '' || customerComment() == null }"></span></span>
        </button>
    </div>
</div>

<div data-bind="visible: !quantity() || !isCommentMustVisible()">
    <a id="body_0_main_1_ProductSearch_GroceryBrowsing_TemplateResult_SearchResultListView_ctrl4_ctl00_10_AddToListButton_10_BtnAddToList_10" class="btn btn--hollow btn--full-width push-half--bottom relative item-product__add-to-list js-addtolist-cta" data-bind="visible: !quantity() || !isCommentMustVisible()" href="/my-account/login?item=%2fshop-online%2ffrozen" title="Add item to list" class="item-product__add-to-list  js-addtolist-cta" data-comment-hyperlink="0">
        <span style="display:inline-block;position:relative;background:inherit;">
            <span class="icn icn-item-list-icon palm--hide"></span>&nbsp;
        </span>
    
        Add to List
            <span class="js-added-to-list-notification item-product__added-to-list-notification" style="display: none; margin-top: -1px;">
                <span class="icon icon--check icon--medium text--valid push--top"></span>
            </span>
    </a>
</div>

<input type="hidden" name="body_0$main_1$ProductSearch$GroceryBrowsing$TemplateResult$SearchResultListView$ctrl4$ctl00$ctl00$AddToListButton$HidCommentVisible" id="body_0_main_1_ProductSearch_GroceryBrowsing_TemplateResult_SearchResultListView_ctrl4_ctl00_10_AddToListButton_10_HidCommentVisible_10" value="1" />

                </div>
            </div>
        </div>
    </div>
</div>

        
	</div>
    
        <div id="body_0_main_1_ProductSearch_GroceryBrowsing_TemplateResult_SearchResultListView_ctrl4_ItemTemplatePanel_11" class="product-tile push--bottom grid__item slim palm--one-half portable--two-quarters desk--one-quarter">
		
            

<div class="item-product js-product js-equalized js-addtolist-container js-ga" data-product="{'ProductId':'00000_000000005599104016','BrandName':'Silver Hills','FullDisplayName':'16 Grain Bread','IsAgeRequired':false,'SizeLabel':'','Size':'615 g','ProductUrl':'/product/bread16-grain/00000_000000005599104016','ProductImageUrl':'https://az836796.vo.msecnd.net/media/image/product/en/medium/0005599104016.jpg','HasNewPrice':false,'PromotionName':null,'RegularPrice':4.99000,'SalesPrice':null,'CustomerProductComment':null,'PopularityFactor':418.0}" data-bind="onceWith: products.createOrUpdate($element.getAttribute('data-product'))">
    <div class="popular-ribbon" data-bind="visible: popularityFactor() != null && popularityFactor() > 0" style="display: none">
        <span class="ribbon">
            Popular
        </span>
    </div>
    <div class="item-product" data-bind="css: { 'is-in-cart': quantity() }">
        <div class="grid">
            <div class="grid__item">
                <div class="media-overlay js-overlay-controls">
                    <a id="body_0_main_1_ProductSearch_GroceryBrowsing_TemplateResult_SearchResultListView_ctrl4_ctl00_11_ImageLink_11" tabindex="-1" title="16 Grain Bread" class="js-ga-productimage" aria-hidden="true" role="presentation" href="/product/bread16-grain/00000_000000005599104016"><img id="body_0_main_1_ProductSearch_GroceryBrowsing_TemplateResult_SearchResultListView_ctrl4_ctl00_11_ProductImage_11" class="fluid" onerror="this.onerror=null; this.src=globalSettings.ProductImages.Small" role="presentation" src="https://az836796.vo.msecnd.net/media/image/product/en/small/0005599104016.jpg" /></a>
                    
                    
                    <div class="item-product__overlay item-product__overlay--full-height" data-bind="visible: quantity()" style="display: none;">
                        <div>
                            <span class="item-product__quantity js-product-quantity" data-bind="'text': quantity"></span>
                            In your cart
                        </div>
                    </div>
                </div>
            </div>
            <div class="grid__item">
                <div class="item-product__content push--top">
                    <div class="js-equalized-sub-item push-medium--bottom">
                        <div id="body_0_main_1_ProductSearch_GroceryBrowsing_TemplateResult_SearchResultListView_ctrl4_ctl00_11_BrandNameZone_11" class="item-product__brand push--top">
                            Silver Hills
                        </div>

                        <h3 class="h4-like">
                            <a id="body_0_main_1_ProductSearch_GroceryBrowsing_TemplateResult_SearchResultListView_ctrl4_ctl00_11_NavigateTo_11" class="js-ga-productname" aria-label="16 Grain Bread" href="/product/bread16-grain/00000_000000005599104016">16 Grain Bread</a>
                        </h3>


                        <div id="body_0_main_1_ProductSearch_GroceryBrowsing_TemplateResult_SearchResultListView_ctrl4_ctl00_11_SizeZone_11" class="item-product__info">
                                
                                

                                615 g
                            </div>
                    </div>
                    <div id="body_0_main_1_ProductSearch_GroceryBrowsing_TemplateResult_SearchResultListView_ctrl4_ctl00_11_ListOfPrices_11" class="item-product__prices js-equalized-sub-item2">
                        <div class="grid grid--middle">
                            


    <div class="grid__item">
        <div class="item-product__price push-medium--bottom">
            <span class="price text--strong" >$4.99</span>
        </div>
    </div>



                            
                                <div class="grid__item portable-up--three-fifths">
                                    <div class="item-product__info palm--hide">
                                        <div class="text--small">
                                            $0.81 / 100G
                                        </div>
                                    </div>
                                </div>
                            
                        </div>
                    </div>
                </div>

            </div>
            <div class="grid__item">
                <div class="item-product__controls push--bottom">
                    

<div class="add-to-cart js-add-to-cart js-using-cart js-tutorial-addtocart">
	<span class="feedback">
		Product added to cart
	</span>

	<span class="hidden js-product-id">
		<input type="hidden" name="body_0$main_1$ProductSearch$GroceryBrowsing$TemplateResult$SearchResultListView$ctrl4$ctl01$ctl00$AddToCartButton$FldProduct" id="body_0_main_1_ProductSearch_GroceryBrowsing_TemplateResult_SearchResultListView_ctrl4_ctl00_11_AddToCartButton_11_FldProduct_11" value="00000_000000005599104016" />
	</span>
	<span class="hidden js-product-name">
		<input type="hidden" name="body_0$main_1$ProductSearch$GroceryBrowsing$TemplateResult$SearchResultListView$ctrl4$ctl01$ctl00$AddToCartButton$FldProductName" id="body_0_main_1_ProductSearch_GroceryBrowsing_TemplateResult_SearchResultListView_ctrl4_ctl00_11_AddToCartButton_11_FldProductName_11" />
	</span>
	<span class="hidden js-product-price">
		<input type="hidden" name="body_0$main_1$ProductSearch$GroceryBrowsing$TemplateResult$SearchResultListView$ctrl4$ctl01$ctl00$AddToCartButton$FldProductPrice" id="body_0_main_1_ProductSearch_GroceryBrowsing_TemplateResult_SearchResultListView_ctrl4_ctl00_11_AddToCartButton_11_FldProductPrice_11" />
	</span>
    <span class="hidden js-product-isnewprice">
		<input type="hidden" name="body_0$main_1$ProductSearch$GroceryBrowsing$TemplateResult$SearchResultListView$ctrl4$ctl01$ctl00$AddToCartButton$FldProductIsNewPrice" id="body_0_main_1_ProductSearch_GroceryBrowsing_TemplateResult_SearchResultListView_ctrl4_ctl00_11_AddToCartButton_11_FldProductIsNewPrice_11" />
	</span>
    <span class="hidden js-product-isonsale">
		<input type="hidden" name="body_0$main_1$ProductSearch$GroceryBrowsing$TemplateResult$SearchResultListView$ctrl4$ctl01$ctl00$AddToCartButton$FldProductIsOnSale" id="body_0_main_1_ProductSearch_GroceryBrowsing_TemplateResult_SearchResultListView_ctrl4_ctl00_11_AddToCartButton_11_FldProductIsOnSale_11" />
	</span>
    <span class="hidden js-product-isonpromo">
		<input type="hidden" name="body_0$main_1$ProductSearch$GroceryBrowsing$TemplateResult$SearchResultListView$ctrl4$ctl01$ctl00$AddToCartButton$FldProductIsOnPromo" id="body_0_main_1_ProductSearch_GroceryBrowsing_TemplateResult_SearchResultListView_ctrl4_ctl00_11_AddToCartButton_11_FldProductIsOnPromo_11" />
	</span>
	<span class="hidden js-ga-addToCart">
		<input type="hidden" name="body_0$main_1$ProductSearch$GroceryBrowsing$TemplateResult$SearchResultListView$ctrl4$ctl01$ctl00$AddToCartButton$FldProductItemAddName" id="body_0_main_1_ProductSearch_GroceryBrowsing_TemplateResult_SearchResultListView_ctrl4_ctl00_11_AddToCartButton_11_FldProductItemAddName_11" />
		<input type="hidden" name="body_0$main_1$ProductSearch$GroceryBrowsing$TemplateResult$SearchResultListView$ctrl4$ctl01$ctl00$AddToCartButton$FldProductItemAddPrice" id="body_0_main_1_ProductSearch_GroceryBrowsing_TemplateResult_SearchResultListView_ctrl4_ctl00_11_AddToCartButton_11_FldProductItemAddPrice_11" />
        <input type="hidden" name="body_0$main_1$ProductSearch$GroceryBrowsing$TemplateResult$SearchResultListView$ctrl4$ctl01$ctl00$AddToCartButton$FldProductItemAddIsNewPrice" id="body_0_main_1_ProductSearch_GroceryBrowsing_TemplateResult_SearchResultListView_ctrl4_ctl00_11_AddToCartButton_11_FldProductItemAddIsNewPrice_11" />
        <input type="hidden" name="body_0$main_1$ProductSearch$GroceryBrowsing$TemplateResult$SearchResultListView$ctrl4$ctl01$ctl00$AddToCartButton$FldProductItemAddIsOnSale" id="body_0_main_1_ProductSearch_GroceryBrowsing_TemplateResult_SearchResultListView_ctrl4_ctl00_11_AddToCartButton_11_FldProductItemAddIsOnSale_11" />
        <input type="hidden" name="body_0$main_1$ProductSearch$GroceryBrowsing$TemplateResult$SearchResultListView$ctrl4$ctl01$ctl00$AddToCartButton$FldProductItemAddIsOnPromo" id="body_0_main_1_ProductSearch_GroceryBrowsing_TemplateResult_SearchResultListView_ctrl4_ctl00_11_AddToCartButton_11_FldProductItemAddIsOnPromo_11" />
	</span>

	
	<div class="controls push-half--bottom">
		<div class="grid grid--full grid--middle" data-bind="visible: quantity()" style="display:none">
            <div class="grid__item one-third text--left">
                <a href="#" class="btn btn--default item-product__overlay-btn js-ga-decrement" data-bind="click: decrement"><span class="item-product__overlay-btn-label item-product__overlay-minus"><span class="visuallyhidden">-</span></span></a>
            </div>
            <div class="grid__item one-third text--center">
                <label for="body_0_main_1_ProductSearch_GroceryBrowsing_TemplateResult_SearchResultListView_ctrl4_ctl00_11_AddToCartButton_11_TxtNumber_11" id="body_0_main_1_ProductSearch_GroceryBrowsing_TemplateResult_SearchResultListView_ctrl4_ctl00_11_AddToCartButton_11_TxtQtyLabel_11" class="accessibility">Quantity for:  16 Grain Bread $4.99</label>
                <input name="body_0$main_1$ProductSearch$GroceryBrowsing$TemplateResult$SearchResultListView$ctrl4$ctl01$ctl00$AddToCartButton$TxtNumber" type="number" value="1" id="body_0_main_1_ProductSearch_GroceryBrowsing_TemplateResult_SearchResultListView_ctrl4_ctl00_11_AddToCartButton_11_TxtNumber_11" class="js-add-to-cart-quantity" data-bind="&#39;value&#39;: editedQuantity, &#39;valueUpdate&#39;: &#39;afterkeydown&#39;, &#39;enterkey&#39;: saveEditedQuantity, hasFocus: isBeingEdited, selectAllOnClick: true, event: { blur: saveEditedQuantity }" />
            </div>
            <div class="grid__item one-third text--right">
                <a href="#" class="btn btn--default item-product__overlay-btn js-ga-increment" data-bind="click: increment, css: {'is-disabled': isQuantityMaxed}"><span class="item-product__overlay-btn-label item-product__overlay-plus"><span class="visuallyhidden">+</span></span></a>
            </div>
		</div>
		<span class="control  control--fluid controls__add">
			<button data-bind="'click': saveEditedQuantity, visible: !quantity()" class="btn  btn--default  btn--full-width  relative">
				Add to Cart
			</button>
		</span>
	</div>
</div>


                    


<div class="grid grid--full grid--middle js-product-comment-add-to-list-box" style="display: none" data-bind="visible: quantity() && isCommentMustVisible()">
    <div class="grid__item three-quarters text--center">
        <a id="body_0_main_1_ProductSearch_GroceryBrowsing_TemplateResult_SearchResultListView_ctrl4_ctl00_11_AddToListButton_11_BtnAddToListCart_11" class="btn btn--hollow btn--full-width push-half--bottom relative item-product__add-to-list js-addtolist-cta" href="/my-account/login?item=%2fshop-online%2ffrozen" title="Add item to list" class="item-product__add-to-list  js-addtolist-cta" data-comment-hyperlink="1" style="font-size: 12px;">
            <span style="display:inline-block;position:relative;background:inherit;">
                <span class="icn icn-item-list-icon palm--hide"></span>&nbsp;
            </span>
    
            Add to List
            <span class="js-added-to-list-notification item-product__added-to-list-notification" style="display: none; margin-top: -1px;">
                    <span class="icon icon--check icon--medium text--valid push--top"></span>
                </span>
        </a>
    </div>
    <div class="grid__item one-quarter js-add-comment-product-btn text--right" data-bind="template: { afterRender: initAddToList }">

        <button class="btn btn--hollow item-product__overlay-btn js-add-comment-cta push-half--bottom relative" data-bind="css: { 'btn--dark': customerComment() != '' && customerComment() != null }, click: openComentPopup" title="Comment">
            <span class="item-product__overlay-btn-label"><span class="icn" data-bind="css: { 'icon-comment-bubble-filled': customerComment() != '' && customerComment() != null, 'icon-comment-bubble-empty ': customerComment() == '' || customerComment() == null }"></span></span>
        </button>
    </div>
</div>

<div data-bind="visible: !quantity() || !isCommentMustVisible()">
    <a id="body_0_main_1_ProductSearch_GroceryBrowsing_TemplateResult_SearchResultListView_ctrl4_ctl00_11_AddToListButton_11_BtnAddToList_11" class="btn btn--hollow btn--full-width push-half--bottom relative item-product__add-to-list js-addtolist-cta" data-bind="visible: !quantity() || !isCommentMustVisible()" href="/my-account/login?item=%2fshop-online%2ffrozen" title="Add item to list" class="item-product__add-to-list  js-addtolist-cta" data-comment-hyperlink="0">
        <span style="display:inline-block;position:relative;background:inherit;">
            <span class="icn icn-item-list-icon palm--hide"></span>&nbsp;
        </span>
    
        Add to List
            <span class="js-added-to-list-notification item-product__added-to-list-notification" style="display: none; margin-top: -1px;">
                <span class="icon icon--check icon--medium text--valid push--top"></span>
            </span>
    </a>
</div>

<input type="hidden" name="body_0$main_1$ProductSearch$GroceryBrowsing$TemplateResult$SearchResultListView$ctrl4$ctl01$ctl00$AddToListButton$HidCommentVisible" id="body_0_main_1_ProductSearch_GroceryBrowsing_TemplateResult_SearchResultListView_ctrl4_ctl00_11_AddToListButton_11_HidCommentVisible_11" value="1" />

                </div>
            </div>
        </div>
    </div>
</div>

        
	</div>
    
        <div id="body_0_main_1_ProductSearch_GroceryBrowsing_TemplateResult_SearchResultListView_ctrl4_ItemTemplatePanel_12" class="product-tile push--bottom grid__item slim palm--one-half portable--two-quarters desk--one-quarter">
		
            

<div class="item-product js-product js-equalized js-addtolist-container js-ga" data-product="{'ProductId':'00000_000000081289800011','BrandName':'Bergen Farms','FullDisplayName':' Frozen Blueberries','IsAgeRequired':false,'SizeLabel':'','Size':'600 g','ProductUrl':'/product/frozen-blueberries/00000_000000081289800011','ProductImageUrl':'https://az836796.vo.msecnd.net/media/image/product/en/medium/0081289800011.jpg','HasNewPrice':false,'PromotionName':null,'RegularPrice':6.99000,'SalesPrice':null,'CustomerProductComment':null,'PopularityFactor':432.5}" data-bind="onceWith: products.createOrUpdate($element.getAttribute('data-product'))">
    <div class="popular-ribbon" data-bind="visible: popularityFactor() != null && popularityFactor() > 0" style="display: none">
        <span class="ribbon">
            Popular
        </span>
    </div>
    <div class="item-product" data-bind="css: { 'is-in-cart': quantity() }">
        <div class="grid">
            <div class="grid__item">
                <div class="media-overlay js-overlay-controls">
                    <a id="body_0_main_1_ProductSearch_GroceryBrowsing_TemplateResult_SearchResultListView_ctrl4_ctl00_12_ImageLink_12" tabindex="-1" title=" Frozen Blueberries" class="js-ga-productimage" aria-hidden="true" role="presentation" href="/product/frozen-blueberries/00000_000000081289800011"><img id="body_0_main_1_ProductSearch_GroceryBrowsing_TemplateResult_SearchResultListView_ctrl4_ctl00_12_ProductImage_12" class="fluid" onerror="this.onerror=null; this.src=globalSettings.ProductImages.Small" role="presentation" src="https://az836796.vo.msecnd.net/media/image/product/en/small/0081289800011.jpg" /></a>
                    
                    
                    <div class="item-product__overlay item-product__overlay--full-height" data-bind="visible: quantity()" style="display: none;">
                        <div>
                            <span class="item-product__quantity js-product-quantity" data-bind="'text': quantity"></span>
                            In your cart
                        </div>
                    </div>
                </div>
            </div>
            <div class="grid__item">
                <div class="item-product__content push--top">
                    <div class="js-equalized-sub-item push-medium--bottom">
                        <div id="body_0_main_1_ProductSearch_GroceryBrowsing_TemplateResult_SearchResultListView_ctrl4_ctl00_12_BrandNameZone_12" class="item-product__brand push--top">
                            Bergen Farms
                        </div>

                        <h3 class="h4-like">
                            <a id="body_0_main_1_ProductSearch_GroceryBrowsing_TemplateResult_SearchResultListView_ctrl4_ctl00_12_NavigateTo_12" class="js-ga-productname" aria-label=" Frozen Blueberries" href="/product/frozen-blueberries/00000_000000081289800011"> Frozen Blueberries</a>
                        </h3>


                        <div id="body_0_main_1_ProductSearch_GroceryBrowsing_TemplateResult_SearchResultListView_ctrl4_ctl00_12_SizeZone_12" class="item-product__info">
                                
                                

                                600 g
                            </div>
                    </div>
                    <div id="body_0_main_1_ProductSearch_GroceryBrowsing_TemplateResult_SearchResultListView_ctrl4_ctl00_12_ListOfPrices_12" class="item-product__prices js-equalized-sub-item2">
                        <div class="grid grid--middle">
                            


    <div class="grid__item">
        <div class="item-product__price push-medium--bottom">
            <span class="price text--strong" >$6.99</span>
        </div>
    </div>



                            
                                <div class="grid__item portable-up--three-fifths">
                                    <div class="item-product__info palm--hide">
                                        <div class="text--small">
                                            $1.17 / 100G
                                        </div>
                                    </div>
                                </div>
                            
                        </div>
                    </div>
                </div>

            </div>
            <div class="grid__item">
                <div class="item-product__controls push--bottom">
                    

<div class="add-to-cart js-add-to-cart js-using-cart js-tutorial-addtocart">
	<span class="feedback">
		Product added to cart
	</span>

	<span class="hidden js-product-id">
		<input type="hidden" name="body_0$main_1$ProductSearch$GroceryBrowsing$TemplateResult$SearchResultListView$ctrl4$ctl02$ctl00$AddToCartButton$FldProduct" id="body_0_main_1_ProductSearch_GroceryBrowsing_TemplateResult_SearchResultListView_ctrl4_ctl00_12_AddToCartButton_12_FldProduct_12" value="00000_000000081289800011" />
	</span>
	<span class="hidden js-product-name">
		<input type="hidden" name="body_0$main_1$ProductSearch$GroceryBrowsing$TemplateResult$SearchResultListView$ctrl4$ctl02$ctl00$AddToCartButton$FldProductName" id="body_0_main_1_ProductSearch_GroceryBrowsing_TemplateResult_SearchResultListView_ctrl4_ctl00_12_AddToCartButton_12_FldProductName_12" />
	</span>
	<span class="hidden js-product-price">
		<input type="hidden" name="body_0$main_1$ProductSearch$GroceryBrowsing$TemplateResult$SearchResultListView$ctrl4$ctl02$ctl00$AddToCartButton$FldProductPrice" id="body_0_main_1_ProductSearch_GroceryBrowsing_TemplateResult_SearchResultListView_ctrl4_ctl00_12_AddToCartButton_12_FldProductPrice_12" />
	</span>
    <span class="hidden js-product-isnewprice">
		<input type="hidden" name="body_0$main_1$ProductSearch$GroceryBrowsing$TemplateResult$SearchResultListView$ctrl4$ctl02$ctl00$AddToCartButton$FldProductIsNewPrice" id="body_0_main_1_ProductSearch_GroceryBrowsing_TemplateResult_SearchResultListView_ctrl4_ctl00_12_AddToCartButton_12_FldProductIsNewPrice_12" />
	</span>
    <span class="hidden js-product-isonsale">
		<input type="hidden" name="body_0$main_1$ProductSearch$GroceryBrowsing$TemplateResult$SearchResultListView$ctrl4$ctl02$ctl00$AddToCartButton$FldProductIsOnSale" id="body_0_main_1_ProductSearch_GroceryBrowsing_TemplateResult_SearchResultListView_ctrl4_ctl00_12_AddToCartButton_12_FldProductIsOnSale_12" />
	</span>
    <span class="hidden js-product-isonpromo">
		<input type="hidden" name="body_0$main_1$ProductSearch$GroceryBrowsing$TemplateResult$SearchResultListView$ctrl4$ctl02$ctl00$AddToCartButton$FldProductIsOnPromo" id="body_0_main_1_ProductSearch_GroceryBrowsing_TemplateResult_SearchResultListView_ctrl4_ctl00_12_AddToCartButton_12_FldProductIsOnPromo_12" />
	</span>
	<span class="hidden js-ga-addToCart">
		<input type="hidden" name="body_0$main_1$ProductSearch$GroceryBrowsing$TemplateResult$SearchResultListView$ctrl4$ctl02$ctl00$AddToCartButton$FldProductItemAddName" id="body_0_main_1_ProductSearch_GroceryBrowsing_TemplateResult_SearchResultListView_ctrl4_ctl00_12_AddToCartButton_12_FldProductItemAddName_12" />
		<input type="hidden" name="body_0$main_1$ProductSearch$GroceryBrowsing$TemplateResult$SearchResultListView$ctrl4$ctl02$ctl00$AddToCartButton$FldProductItemAddPrice" id="body_0_main_1_ProductSearch_GroceryBrowsing_TemplateResult_SearchResultListView_ctrl4_ctl00_12_AddToCartButton_12_FldProductItemAddPrice_12" />
        <input type="hidden" name="body_0$main_1$ProductSearch$GroceryBrowsing$TemplateResult$SearchResultListView$ctrl4$ctl02$ctl00$AddToCartButton$FldProductItemAddIsNewPrice" id="body_0_main_1_ProductSearch_GroceryBrowsing_TemplateResult_SearchResultListView_ctrl4_ctl00_12_AddToCartButton_12_FldProductItemAddIsNewPrice_12" />
        <input type="hidden" name="body_0$main_1$ProductSearch$GroceryBrowsing$TemplateResult$SearchResultListView$ctrl4$ctl02$ctl00$AddToCartButton$FldProductItemAddIsOnSale" id="body_0_main_1_ProductSearch_GroceryBrowsing_TemplateResult_SearchResultListView_ctrl4_ctl00_12_AddToCartButton_12_FldProductItemAddIsOnSale_12" />
        <input type="hidden" name="body_0$main_1$ProductSearch$GroceryBrowsing$TemplateResult$SearchResultListView$ctrl4$ctl02$ctl00$AddToCartButton$FldProductItemAddIsOnPromo" id="body_0_main_1_ProductSearch_GroceryBrowsing_TemplateResult_SearchResultListView_ctrl4_ctl00_12_AddToCartButton_12_FldProductItemAddIsOnPromo_12" />
	</span>

	
	<div class="controls push-half--bottom">
		<div class="grid grid--full grid--middle" data-bind="visible: quantity()" style="display:none">
            <div class="grid__item one-third text--left">
                <a href="#" class="btn btn--default item-product__overlay-btn js-ga-decrement" data-bind="click: decrement"><span class="item-product__overlay-btn-label item-product__overlay-minus"><span class="visuallyhidden">-</span></span></a>
            </div>
            <div class="grid__item one-third text--center">
                <label for="body_0_main_1_ProductSearch_GroceryBrowsing_TemplateResult_SearchResultListView_ctrl4_ctl00_12_AddToCartButton_12_TxtNumber_12" id="body_0_main_1_ProductSearch_GroceryBrowsing_TemplateResult_SearchResultListView_ctrl4_ctl00_12_AddToCartButton_12_TxtQtyLabel_12" class="accessibility">Quantity for:   Frozen Blueberries $6.99</label>
                <input name="body_0$main_1$ProductSearch$GroceryBrowsing$TemplateResult$SearchResultListView$ctrl4$ctl02$ctl00$AddToCartButton$TxtNumber" type="number" value="1" id="body_0_main_1_ProductSearch_GroceryBrowsing_TemplateResult_SearchResultListView_ctrl4_ctl00_12_AddToCartButton_12_TxtNumber_12" class="js-add-to-cart-quantity" data-bind="&#39;value&#39;: editedQuantity, &#39;valueUpdate&#39;: &#39;afterkeydown&#39;, &#39;enterkey&#39;: saveEditedQuantity, hasFocus: isBeingEdited, selectAllOnClick: true, event: { blur: saveEditedQuantity }" />
            </div>
            <div class="grid__item one-third text--right">
                <a href="#" class="btn btn--default item-product__overlay-btn js-ga-increment" data-bind="click: increment, css: {'is-disabled': isQuantityMaxed}"><span class="item-product__overlay-btn-label item-product__overlay-plus"><span class="visuallyhidden">+</span></span></a>
            </div>
		</div>
		<span class="control  control--fluid controls__add">
			<button data-bind="'click': saveEditedQuantity, visible: !quantity()" class="btn  btn--default  btn--full-width  relative">
				Add to Cart
			</button>
		</span>
	</div>
</div>


                    


<div class="grid grid--full grid--middle js-product-comment-add-to-list-box" style="display: none" data-bind="visible: quantity() && isCommentMustVisible()">
    <div class="grid__item three-quarters text--center">
        <a id="body_0_main_1_ProductSearch_GroceryBrowsing_TemplateResult_SearchResultListView_ctrl4_ctl00_12_AddToListButton_12_BtnAddToListCart_12" class="btn btn--hollow btn--full-width push-half--bottom relative item-product__add-to-list js-addtolist-cta" href="/my-account/login?item=%2fshop-online%2ffrozen" title="Add item to list" class="item-product__add-to-list  js-addtolist-cta" data-comment-hyperlink="1" style="font-size: 12px;">
            <span style="display:inline-block;position:relative;background:inherit;">
                <span class="icn icn-item-list-icon palm--hide"></span>&nbsp;
            </span>
    
            Add to List
            <span class="js-added-to-list-notification item-product__added-to-list-notification" style="display: none; margin-top: -1px;">
                    <span class="icon icon--check icon--medium text--valid push--top"></span>
                </span>
        </a>
    </div>
    <div class="grid__item one-quarter js-add-comment-product-btn text--right" data-bind="template: { afterRender: initAddToList }">

        <button class="btn btn--hollow item-product__overlay-btn js-add-comment-cta push-half--bottom relative" data-bind="css: { 'btn--dark': customerComment() != '' && customerComment() != null }, click: openComentPopup" title="Comment">
            <span class="item-product__overlay-btn-label"><span class="icn" data-bind="css: { 'icon-comment-bubble-filled': customerComment() != '' && customerComment() != null, 'icon-comment-bubble-empty ': customerComment() == '' || customerComment() == null }"></span></span>
        </button>
    </div>
</div>

<div data-bind="visible: !quantity() || !isCommentMustVisible()">
    <a id="body_0_main_1_ProductSearch_GroceryBrowsing_TemplateResult_SearchResultListView_ctrl4_ctl00_12_AddToListButton_12_BtnAddToList_12" class="btn btn--hollow btn--full-width push-half--bottom relative item-product__add-to-list js-addtolist-cta" data-bind="visible: !quantity() || !isCommentMustVisible()" href="/my-account/login?item=%2fshop-online%2ffrozen" title="Add item to list" class="item-product__add-to-list  js-addtolist-cta" data-comment-hyperlink="0">
        <span style="display:inline-block;position:relative;background:inherit;">
            <span class="icn icn-item-list-icon palm--hide"></span>&nbsp;
        </span>
    
        Add to List
            <span class="js-added-to-list-notification item-product__added-to-list-notification" style="display: none; margin-top: -1px;">
                <span class="icon icon--check icon--medium text--valid push--top"></span>
            </span>
    </a>
</div>

<input type="hidden" name="body_0$main_1$ProductSearch$GroceryBrowsing$TemplateResult$SearchResultListView$ctrl4$ctl02$ctl00$AddToListButton$HidCommentVisible" id="body_0_main_1_ProductSearch_GroceryBrowsing_TemplateResult_SearchResultListView_ctrl4_ctl00_12_AddToListButton_12_HidCommentVisible_12" value="1" />

                </div>
            </div>
        </div>
    </div>
</div>

        
	</div>
    
        <div id="body_0_main_1_ProductSearch_GroceryBrowsing_TemplateResult_SearchResultListView_ctrl4_ItemTemplatePanel_13" class="product-tile push--bottom grid__item slim palm--one-half portable--two-quarters desk--one-quarter">
		
            

<div class="item-product js-product js-equalized js-addtolist-container js-ga" data-product="{'ProductId':'00000_000000019056942324','BrandName':'Green Giant','FullDisplayName':' Mixed Vegetables','IsAgeRequired':false,'SizeLabel':'','Size':'750 g','ProductUrl':'/product/mixed-vegetables/00000_000000019056942324','ProductImageUrl':'https://az836796.vo.msecnd.net/media/image/product/en/medium/0019056942324.jpg','HasNewPrice':false,'PromotionName':null,'RegularPrice':3.99000,'SalesPrice':2.50000,'CustomerProductComment':null,'PopularityFactor':439.0}" data-bind="onceWith: products.createOrUpdate($element.getAttribute('data-product'))">
    <div class="popular-ribbon" data-bind="visible: popularityFactor() != null && popularityFactor() > 0" style="display: none">
        <span class="ribbon">
            Popular
        </span>
    </div>
    <div class="item-product" data-bind="css: { 'is-in-cart': quantity() }">
        <div class="grid">
            <div class="grid__item">
                <div class="media-overlay js-overlay-controls">
                    <a id="body_0_main_1_ProductSearch_GroceryBrowsing_TemplateResult_SearchResultListView_ctrl4_ctl00_13_ImageLink_13" tabindex="-1" title=" Mixed Vegetables" class="js-ga-productimage" aria-hidden="true" role="presentation" href="/product/mixed-vegetables/00000_000000019056942324"><img id="body_0_main_1_ProductSearch_GroceryBrowsing_TemplateResult_SearchResultListView_ctrl4_ctl00_13_ProductImage_13" class="fluid" onerror="this.onerror=null; this.src=globalSettings.ProductImages.Small" role="presentation" src="https://az836796.vo.msecnd.net/media/image/product/en/small/0019056942324.jpg" /></a>
                    
                    
                    <div class="item-product__overlay item-product__overlay--full-height" data-bind="visible: quantity()" style="display: none;">
                        <div>
                            <span class="item-product__quantity js-product-quantity" data-bind="'text': quantity"></span>
                            In your cart
                        </div>
                    </div>
                </div>
            </div>
            <div class="grid__item">
                <div class="item-product__content push--top">
                    <div class="js-equalized-sub-item push-medium--bottom">
                        <div id="body_0_main_1_ProductSearch_GroceryBrowsing_TemplateResult_SearchResultListView_ctrl4_ctl00_13_BrandNameZone_13" class="item-product__brand push--top">
                            Green Giant
                        </div>

                        <h3 class="h4-like">
                            <a id="body_0_main_1_ProductSearch_GroceryBrowsing_TemplateResult_SearchResultListView_ctrl4_ctl00_13_NavigateTo_13" class="js-ga-productname" aria-label=" Mixed Vegetables" href="/product/mixed-vegetables/00000_000000019056942324"> Mixed Vegetables</a>
                        </h3>


                        <div id="body_0_main_1_ProductSearch_GroceryBrowsing_TemplateResult_SearchResultListView_ctrl4_ctl00_13_SizeZone_13" class="item-product__info">
                                
                                

                                750 g
                            </div>
                    </div>
                    <div id="body_0_main_1_ProductSearch_GroceryBrowsing_TemplateResult_SearchResultListView_ctrl4_ctl00_13_ListOfPrices_13" class="item-product__prices js-equalized-sub-item2 on-sale">
                        <div class="grid grid--middle">
                            

    <div class="grid__item push-medium--bottom">
        <div class="item-product__price--sale">
            <span class="text--strong">
                <span class="price text--strong" >$2.50</span>
            </span>
        </div>
    </div>



    <div class="grid__item portable-up--two-fifths">
        <div class="item-product__price">
            <span class="price-amount">$3.99</span>
        </div>
    </div>


                            
                                <div class="grid__item portable-up--three-fifths">
                                    <div class="item-product__info palm--hide">
                                        <div class="text--small">
                                            $0.33 / 100G
                                        </div>
                                    </div>
                                </div>
                            
                        </div>
                    </div>
                </div>

            </div>
            <div class="grid__item">
                <div class="item-product__controls push--bottom">
                    

<div class="add-to-cart js-add-to-cart js-using-cart js-tutorial-addtocart">
	<span class="feedback">
		Product added to cart
	</span>

	<span class="hidden js-product-id">
		<input type="hidden" name="body_0$main_1$ProductSearch$GroceryBrowsing$TemplateResult$SearchResultListView$ctrl4$ctl03$ctl00$AddToCartButton$FldProduct" id="body_0_main_1_ProductSearch_GroceryBrowsing_TemplateResult_SearchResultListView_ctrl4_ctl00_13_AddToCartButton_13_FldProduct_13" value="00000_000000019056942324" />
	</span>
	<span class="hidden js-product-name">
		<input type="hidden" name="body_0$main_1$ProductSearch$GroceryBrowsing$TemplateResult$SearchResultListView$ctrl4$ctl03$ctl00$AddToCartButton$FldProductName" id="body_0_main_1_ProductSearch_GroceryBrowsing_TemplateResult_SearchResultListView_ctrl4_ctl00_13_AddToCartButton_13_FldProductName_13" />
	</span>
	<span class="hidden js-product-price">
		<input type="hidden" name="body_0$main_1$ProductSearch$GroceryBrowsing$TemplateResult$SearchResultListView$ctrl4$ctl03$ctl00$AddToCartButton$FldProductPrice" id="body_0_main_1_ProductSearch_GroceryBrowsing_TemplateResult_SearchResultListView_ctrl4_ctl00_13_AddToCartButton_13_FldProductPrice_13" />
	</span>
    <span class="hidden js-product-isnewprice">
		<input type="hidden" name="body_0$main_1$ProductSearch$GroceryBrowsing$TemplateResult$SearchResultListView$ctrl4$ctl03$ctl00$AddToCartButton$FldProductIsNewPrice" id="body_0_main_1_ProductSearch_GroceryBrowsing_TemplateResult_SearchResultListView_ctrl4_ctl00_13_AddToCartButton_13_FldProductIsNewPrice_13" />
	</span>
    <span class="hidden js-product-isonsale">
		<input type="hidden" name="body_0$main_1$ProductSearch$GroceryBrowsing$TemplateResult$SearchResultListView$ctrl4$ctl03$ctl00$AddToCartButton$FldProductIsOnSale" id="body_0_main_1_ProductSearch_GroceryBrowsing_TemplateResult_SearchResultListView_ctrl4_ctl00_13_AddToCartButton_13_FldProductIsOnSale_13" />
	</span>
    <span class="hidden js-product-isonpromo">
		<input type="hidden" name="body_0$main_1$ProductSearch$GroceryBrowsing$TemplateResult$SearchResultListView$ctrl4$ctl03$ctl00$AddToCartButton$FldProductIsOnPromo" id="body_0_main_1_ProductSearch_GroceryBrowsing_TemplateResult_SearchResultListView_ctrl4_ctl00_13_AddToCartButton_13_FldProductIsOnPromo_13" />
	</span>
	<span class="hidden js-ga-addToCart">
		<input type="hidden" name="body_0$main_1$ProductSearch$GroceryBrowsing$TemplateResult$SearchResultListView$ctrl4$ctl03$ctl00$AddToCartButton$FldProductItemAddName" id="body_0_main_1_ProductSearch_GroceryBrowsing_TemplateResult_SearchResultListView_ctrl4_ctl00_13_AddToCartButton_13_FldProductItemAddName_13" />
		<input type="hidden" name="body_0$main_1$ProductSearch$GroceryBrowsing$TemplateResult$SearchResultListView$ctrl4$ctl03$ctl00$AddToCartButton$FldProductItemAddPrice" id="body_0_main_1_ProductSearch_GroceryBrowsing_TemplateResult_SearchResultListView_ctrl4_ctl00_13_AddToCartButton_13_FldProductItemAddPrice_13" />
        <input type="hidden" name="body_0$main_1$ProductSearch$GroceryBrowsing$TemplateResult$SearchResultListView$ctrl4$ctl03$ctl00$AddToCartButton$FldProductItemAddIsNewPrice" id="body_0_main_1_ProductSearch_GroceryBrowsing_TemplateResult_SearchResultListView_ctrl4_ctl00_13_AddToCartButton_13_FldProductItemAddIsNewPrice_13" />
        <input type="hidden" name="body_0$main_1$ProductSearch$GroceryBrowsing$TemplateResult$SearchResultListView$ctrl4$ctl03$ctl00$AddToCartButton$FldProductItemAddIsOnSale" id="body_0_main_1_ProductSearch_GroceryBrowsing_TemplateResult_SearchResultListView_ctrl4_ctl00_13_AddToCartButton_13_FldProductItemAddIsOnSale_13" />
        <input type="hidden" name="body_0$main_1$ProductSearch$GroceryBrowsing$TemplateResult$SearchResultListView$ctrl4$ctl03$ctl00$AddToCartButton$FldProductItemAddIsOnPromo" id="body_0_main_1_ProductSearch_GroceryBrowsing_TemplateResult_SearchResultListView_ctrl4_ctl00_13_AddToCartButton_13_FldProductItemAddIsOnPromo_13" />
	</span>

	
	<div class="controls push-half--bottom">
		<div class="grid grid--full grid--middle" data-bind="visible: quantity()" style="display:none">
            <div class="grid__item one-third text--left">
                <a href="#" class="btn btn--default item-product__overlay-btn js-ga-decrement" data-bind="click: decrement"><span class="item-product__overlay-btn-label item-product__overlay-minus"><span class="visuallyhidden">-</span></span></a>
            </div>
            <div class="grid__item one-third text--center">
                <label for="body_0_main_1_ProductSearch_GroceryBrowsing_TemplateResult_SearchResultListView_ctrl4_ctl00_13_AddToCartButton_13_TxtNumber_13" id="body_0_main_1_ProductSearch_GroceryBrowsing_TemplateResult_SearchResultListView_ctrl4_ctl00_13_AddToCartButton_13_TxtQtyLabel_13" class="accessibility">Quantity for:   Mixed Vegetables $2.50</label>
                <input name="body_0$main_1$ProductSearch$GroceryBrowsing$TemplateResult$SearchResultListView$ctrl4$ctl03$ctl00$AddToCartButton$TxtNumber" type="number" value="1" id="body_0_main_1_ProductSearch_GroceryBrowsing_TemplateResult_SearchResultListView_ctrl4_ctl00_13_AddToCartButton_13_TxtNumber_13" class="js-add-to-cart-quantity" data-bind="&#39;value&#39;: editedQuantity, &#39;valueUpdate&#39;: &#39;afterkeydown&#39;, &#39;enterkey&#39;: saveEditedQuantity, hasFocus: isBeingEdited, selectAllOnClick: true, event: { blur: saveEditedQuantity }" />
            </div>
            <div class="grid__item one-third text--right">
                <a href="#" class="btn btn--default item-product__overlay-btn js-ga-increment" data-bind="click: increment, css: {'is-disabled': isQuantityMaxed}"><span class="item-product__overlay-btn-label item-product__overlay-plus"><span class="visuallyhidden">+</span></span></a>
            </div>
		</div>
		<span class="control  control--fluid controls__add">
			<button data-bind="'click': saveEditedQuantity, visible: !quantity()" class="btn  btn--default  btn--full-width  relative">
				Add to Cart
			</button>
		</span>
	</div>
</div>


                    


<div class="grid grid--full grid--middle js-product-comment-add-to-list-box" style="display: none" data-bind="visible: quantity() && isCommentMustVisible()">
    <div class="grid__item three-quarters text--center">
        <a id="body_0_main_1_ProductSearch_GroceryBrowsing_TemplateResult_SearchResultListView_ctrl4_ctl00_13_AddToListButton_13_BtnAddToListCart_13" class="btn btn--hollow btn--full-width push-half--bottom relative item-product__add-to-list js-addtolist-cta" href="/my-account/login?item=%2fshop-online%2ffrozen" title="Add item to list" class="item-product__add-to-list  js-addtolist-cta" data-comment-hyperlink="1" style="font-size: 12px;">
            <span style="display:inline-block;position:relative;background:inherit;">
                <span class="icn icn-item-list-icon palm--hide"></span>&nbsp;
            </span>
    
            Add to List
            <span class="js-added-to-list-notification item-product__added-to-list-notification" style="display: none; margin-top: -1px;">
                    <span class="icon icon--check icon--medium text--valid push--top"></span>
                </span>
        </a>
    </div>
    <div class="grid__item one-quarter js-add-comment-product-btn text--right" data-bind="template: { afterRender: initAddToList }">

        <button class="btn btn--hollow item-product__overlay-btn js-add-comment-cta push-half--bottom relative" data-bind="css: { 'btn--dark': customerComment() != '' && customerComment() != null }, click: openComentPopup" title="Comment">
            <span class="item-product__overlay-btn-label"><span class="icn" data-bind="css: { 'icon-comment-bubble-filled': customerComment() != '' && customerComment() != null, 'icon-comment-bubble-empty ': customerComment() == '' || customerComment() == null }"></span></span>
        </button>
    </div>
</div>

<div data-bind="visible: !quantity() || !isCommentMustVisible()">
    <a id="body_0_main_1_ProductSearch_GroceryBrowsing_TemplateResult_SearchResultListView_ctrl4_ctl00_13_AddToListButton_13_BtnAddToList_13" class="btn btn--hollow btn--full-width push-half--bottom relative item-product__add-to-list js-addtolist-cta" data-bind="visible: !quantity() || !isCommentMustVisible()" href="/my-account/login?item=%2fshop-online%2ffrozen" title="Add item to list" class="item-product__add-to-list  js-addtolist-cta" data-comment-hyperlink="0">
        <span style="display:inline-block;position:relative;background:inherit;">
            <span class="icn icn-item-list-icon palm--hide"></span>&nbsp;
        </span>
    
        Add to List
            <span class="js-added-to-list-notification item-product__added-to-list-notification" style="display: none; margin-top: -1px;">
                <span class="icon icon--check icon--medium text--valid push--top"></span>
            </span>
    </a>
</div>

<input type="hidden" name="body_0$main_1$ProductSearch$GroceryBrowsing$TemplateResult$SearchResultListView$ctrl4$ctl03$ctl00$AddToListButton$HidCommentVisible" id="body_0_main_1_ProductSearch_GroceryBrowsing_TemplateResult_SearchResultListView_ctrl4_ctl00_13_AddToListButton_13_HidCommentVisible_13" value="1" />

                </div>
            </div>
        </div>
    </div>
</div>

        
	</div>
    
        <div id="body_0_main_1_ProductSearch_GroceryBrowsing_TemplateResult_SearchResultListView_ctrl4_ItemTemplatePanel_14" class="product-tile push--bottom grid__item slim palm--one-half portable--two-quarters desk--one-quarter">
		
            

<div class="item-product js-product js-equalized js-addtolist-container js-ga" data-product="{'ProductId':'00000_000000005577300080','BrandName':'McCain','FullDisplayName':'Diced Hash Browns','IsAgeRequired':false,'SizeLabel':'','Size':'900 g','ProductUrl':'/product/hash-brownsdiced/00000_000000005577300080','ProductImageUrl':'https://az836796.vo.msecnd.net/media/image/product/en/medium/0005577300080.jpg','HasNewPrice':false,'PromotionName':null,'RegularPrice':3.99000,'SalesPrice':3.00000,'CustomerProductComment':null,'PopularityFactor':441.0}" data-bind="onceWith: products.createOrUpdate($element.getAttribute('data-product'))">
    <div class="popular-ribbon" data-bind="visible: popularityFactor() != null && popularityFactor() > 0" style="display: none">
        <span class="ribbon">
            Popular
        </span>
    </div>
    <div class="item-product" data-bind="css: { 'is-in-cart': quantity() }">
        <div class="grid">
            <div class="grid__item">
                <div class="media-overlay js-overlay-controls">
                    <a id="body_0_main_1_ProductSearch_GroceryBrowsing_TemplateResult_SearchResultListView_ctrl4_ctl00_14_ImageLink_14" tabindex="-1" title="Diced Hash Browns" class="js-ga-productimage" aria-hidden="true" role="presentation" href="/product/hash-brownsdiced/00000_000000005577300080"><img id="body_0_main_1_ProductSearch_GroceryBrowsing_TemplateResult_SearchResultListView_ctrl4_ctl00_14_ProductImage_14" class="fluid" onerror="this.onerror=null; this.src=globalSettings.ProductImages.Small" role="presentation" src="https://az836796.vo.msecnd.net/media/image/product/en/small/0005577300080.jpg" /></a>
                    
                    
                    <div class="item-product__overlay item-product__overlay--full-height" data-bind="visible: quantity()" style="display: none;">
                        <div>
                            <span class="item-product__quantity js-product-quantity" data-bind="'text': quantity"></span>
                            In your cart
                        </div>
                    </div>
                </div>
            </div>
            <div class="grid__item">
                <div class="item-product__content push--top">
                    <div class="js-equalized-sub-item push-medium--bottom">
                        <div id="body_0_main_1_ProductSearch_GroceryBrowsing_TemplateResult_SearchResultListView_ctrl4_ctl00_14_BrandNameZone_14" class="item-product__brand push--top">
                            McCain
                        </div>

                        <h3 class="h4-like">
                            <a id="body_0_main_1_ProductSearch_GroceryBrowsing_TemplateResult_SearchResultListView_ctrl4_ctl00_14_NavigateTo_14" class="js-ga-productname" aria-label="Diced Hash Browns" href="/product/hash-brownsdiced/00000_000000005577300080">Diced Hash Browns</a>
                        </h3>


                        <div id="body_0_main_1_ProductSearch_GroceryBrowsing_TemplateResult_SearchResultListView_ctrl4_ctl00_14_SizeZone_14" class="item-product__info">
                                
                                

                                900 g
                            </div>
                    </div>
                    <div id="body_0_main_1_ProductSearch_GroceryBrowsing_TemplateResult_SearchResultListView_ctrl4_ctl00_14_ListOfPrices_14" class="item-product__prices js-equalized-sub-item2 on-sale">
                        <div class="grid grid--middle">
                            

    <div class="grid__item push-medium--bottom">
        <div class="item-product__price--sale">
            <span class="text--strong">
                <span class="price text--strong" >$3.00</span>
            </span>
        </div>
    </div>



    <div class="grid__item portable-up--two-fifths">
        <div class="item-product__price">
            <span class="price-amount">$3.99</span>
        </div>
    </div>


                            
                                <div class="grid__item portable-up--three-fifths">
                                    <div class="item-product__info palm--hide">
                                        <div class="text--small">
                                            $0.33 / 100G
                                        </div>
                                    </div>
                                </div>
                            
                        </div>
                    </div>
                </div>

            </div>
            <div class="grid__item">
                <div class="item-product__controls push--bottom">
                    

<div class="add-to-cart js-add-to-cart js-using-cart js-tutorial-addtocart">
	<span class="feedback">
		Product added to cart
	</span>

	<span class="hidden js-product-id">
		<input type="hidden" name="body_0$main_1$ProductSearch$GroceryBrowsing$TemplateResult$SearchResultListView$ctrl4$ctl04$ctl00$AddToCartButton$FldProduct" id="body_0_main_1_ProductSearch_GroceryBrowsing_TemplateResult_SearchResultListView_ctrl4_ctl00_14_AddToCartButton_14_FldProduct_14" value="00000_000000005577300080" />
	</span>
	<span class="hidden js-product-name">
		<input type="hidden" name="body_0$main_1$ProductSearch$GroceryBrowsing$TemplateResult$SearchResultListView$ctrl4$ctl04$ctl00$AddToCartButton$FldProductName" id="body_0_main_1_ProductSearch_GroceryBrowsing_TemplateResult_SearchResultListView_ctrl4_ctl00_14_AddToCartButton_14_FldProductName_14" />
	</span>
	<span class="hidden js-product-price">
		<input type="hidden" name="body_0$main_1$ProductSearch$GroceryBrowsing$TemplateResult$SearchResultListView$ctrl4$ctl04$ctl00$AddToCartButton$FldProductPrice" id="body_0_main_1_ProductSearch_GroceryBrowsing_TemplateResult_SearchResultListView_ctrl4_ctl00_14_AddToCartButton_14_FldProductPrice_14" />
	</span>
    <span class="hidden js-product-isnewprice">
		<input type="hidden" name="body_0$main_1$ProductSearch$GroceryBrowsing$TemplateResult$SearchResultListView$ctrl4$ctl04$ctl00$AddToCartButton$FldProductIsNewPrice" id="body_0_main_1_ProductSearch_GroceryBrowsing_TemplateResult_SearchResultListView_ctrl4_ctl00_14_AddToCartButton_14_FldProductIsNewPrice_14" />
	</span>
    <span class="hidden js-product-isonsale">
		<input type="hidden" name="body_0$main_1$ProductSearch$GroceryBrowsing$TemplateResult$SearchResultListView$ctrl4$ctl04$ctl00$AddToCartButton$FldProductIsOnSale" id="body_0_main_1_ProductSearch_GroceryBrowsing_TemplateResult_SearchResultListView_ctrl4_ctl00_14_AddToCartButton_14_FldProductIsOnSale_14" />
	</span>
    <span class="hidden js-product-isonpromo">
		<input type="hidden" name="body_0$main_1$ProductSearch$GroceryBrowsing$TemplateResult$SearchResultListView$ctrl4$ctl04$ctl00$AddToCartButton$FldProductIsOnPromo" id="body_0_main_1_ProductSearch_GroceryBrowsing_TemplateResult_SearchResultListView_ctrl4_ctl00_14_AddToCartButton_14_FldProductIsOnPromo_14" />
	</span>
	<span class="hidden js-ga-addToCart">
		<input type="hidden" name="body_0$main_1$ProductSearch$GroceryBrowsing$TemplateResult$SearchResultListView$ctrl4$ctl04$ctl00$AddToCartButton$FldProductItemAddName" id="body_0_main_1_ProductSearch_GroceryBrowsing_TemplateResult_SearchResultListView_ctrl4_ctl00_14_AddToCartButton_14_FldProductItemAddName_14" />
		<input type="hidden" name="body_0$main_1$ProductSearch$GroceryBrowsing$TemplateResult$SearchResultListView$ctrl4$ctl04$ctl00$AddToCartButton$FldProductItemAddPrice" id="body_0_main_1_ProductSearch_GroceryBrowsing_TemplateResult_SearchResultListView_ctrl4_ctl00_14_AddToCartButton_14_FldProductItemAddPrice_14" />
        <input type="hidden" name="body_0$main_1$ProductSearch$GroceryBrowsing$TemplateResult$SearchResultListView$ctrl4$ctl04$ctl00$AddToCartButton$FldProductItemAddIsNewPrice" id="body_0_main_1_ProductSearch_GroceryBrowsing_TemplateResult_SearchResultListView_ctrl4_ctl00_14_AddToCartButton_14_FldProductItemAddIsNewPrice_14" />
        <input type="hidden" name="body_0$main_1$ProductSearch$GroceryBrowsing$TemplateResult$SearchResultListView$ctrl4$ctl04$ctl00$AddToCartButton$FldProductItemAddIsOnSale" id="body_0_main_1_ProductSearch_GroceryBrowsing_TemplateResult_SearchResultListView_ctrl4_ctl00_14_AddToCartButton_14_FldProductItemAddIsOnSale_14" />
        <input type="hidden" name="body_0$main_1$ProductSearch$GroceryBrowsing$TemplateResult$SearchResultListView$ctrl4$ctl04$ctl00$AddToCartButton$FldProductItemAddIsOnPromo" id="body_0_main_1_ProductSearch_GroceryBrowsing_TemplateResult_SearchResultListView_ctrl4_ctl00_14_AddToCartButton_14_FldProductItemAddIsOnPromo_14" />
	</span>

	
	<div class="controls push-half--bottom">
		<div class="grid grid--full grid--middle" data-bind="visible: quantity()" style="display:none">
            <div class="grid__item one-third text--left">
                <a href="#" class="btn btn--default item-product__overlay-btn js-ga-decrement" data-bind="click: decrement"><span class="item-product__overlay-btn-label item-product__overlay-minus"><span class="visuallyhidden">-</span></span></a>
            </div>
            <div class="grid__item one-third text--center">
                <label for="body_0_main_1_ProductSearch_GroceryBrowsing_TemplateResult_SearchResultListView_ctrl4_ctl00_14_AddToCartButton_14_TxtNumber_14" id="body_0_main_1_ProductSearch_GroceryBrowsing_TemplateResult_SearchResultListView_ctrl4_ctl00_14_AddToCartButton_14_TxtQtyLabel_14" class="accessibility">Quantity for:  Diced Hash Browns $3.00</label>
                <input name="body_0$main_1$ProductSearch$GroceryBrowsing$TemplateResult$SearchResultListView$ctrl4$ctl04$ctl00$AddToCartButton$TxtNumber" type="number" value="1" id="body_0_main_1_ProductSearch_GroceryBrowsing_TemplateResult_SearchResultListView_ctrl4_ctl00_14_AddToCartButton_14_TxtNumber_14" class="js-add-to-cart-quantity" data-bind="&#39;value&#39;: editedQuantity, &#39;valueUpdate&#39;: &#39;afterkeydown&#39;, &#39;enterkey&#39;: saveEditedQuantity, hasFocus: isBeingEdited, selectAllOnClick: true, event: { blur: saveEditedQuantity }" />
            </div>
            <div class="grid__item one-third text--right">
                <a href="#" class="btn btn--default item-product__overlay-btn js-ga-increment" data-bind="click: increment, css: {'is-disabled': isQuantityMaxed}"><span class="item-product__overlay-btn-label item-product__overlay-plus"><span class="visuallyhidden">+</span></span></a>
            </div>
		</div>
		<span class="control  control--fluid controls__add">
			<button data-bind="'click': saveEditedQuantity, visible: !quantity()" class="btn  btn--default  btn--full-width  relative">
				Add to Cart
			</button>
		</span>
	</div>
</div>


                    


<div class="grid grid--full grid--middle js-product-comment-add-to-list-box" style="display: none" data-bind="visible: quantity() && isCommentMustVisible()">
    <div class="grid__item three-quarters text--center">
        <a id="body_0_main_1_ProductSearch_GroceryBrowsing_TemplateResult_SearchResultListView_ctrl4_ctl00_14_AddToListButton_14_BtnAddToListCart_14" class="btn btn--hollow btn--full-width push-half--bottom relative item-product__add-to-list js-addtolist-cta" href="/my-account/login?item=%2fshop-online%2ffrozen" title="Add item to list" class="item-product__add-to-list  js-addtolist-cta" data-comment-hyperlink="1" style="font-size: 12px;">
            <span style="display:inline-block;position:relative;background:inherit;">
                <span class="icn icn-item-list-icon palm--hide"></span>&nbsp;
            </span>
    
            Add to List
            <span class="js-added-to-list-notification item-product__added-to-list-notification" style="display: none; margin-top: -1px;">
                    <span class="icon icon--check icon--medium text--valid push--top"></span>
                </span>
        </a>
    </div>
    <div class="grid__item one-quarter js-add-comment-product-btn text--right" data-bind="template: { afterRender: initAddToList }">

        <button class="btn btn--hollow item-product__overlay-btn js-add-comment-cta push-half--bottom relative" data-bind="css: { 'btn--dark': customerComment() != '' && customerComment() != null }, click: openComentPopup" title="Comment">
            <span class="item-product__overlay-btn-label"><span class="icn" data-bind="css: { 'icon-comment-bubble-filled': customerComment() != '' && customerComment() != null, 'icon-comment-bubble-empty ': customerComment() == '' || customerComment() == null }"></span></span>
        </button>
    </div>
</div>

<div data-bind="visible: !quantity() || !isCommentMustVisible()">
    <a id="body_0_main_1_ProductSearch_GroceryBrowsing_TemplateResult_SearchResultListView_ctrl4_ctl00_14_AddToListButton_14_BtnAddToList_14" class="btn btn--hollow btn--full-width push-half--bottom relative item-product__add-to-list js-addtolist-cta" data-bind="visible: !quantity() || !isCommentMustVisible()" href="/my-account/login?item=%2fshop-online%2ffrozen" title="Add item to list" class="item-product__add-to-list  js-addtolist-cta" data-comment-hyperlink="0">
        <span style="display:inline-block;position:relative;background:inherit;">
            <span class="icn icn-item-list-icon palm--hide"></span>&nbsp;
        </span>
    
        Add to List
            <span class="js-added-to-list-notification item-product__added-to-list-notification" style="display: none; margin-top: -1px;">
                <span class="icon icon--check icon--medium text--valid push--top"></span>
            </span>
    </a>
</div>

<input type="hidden" name="body_0$main_1$ProductSearch$GroceryBrowsing$TemplateResult$SearchResultListView$ctrl4$ctl04$ctl00$AddToListButton$HidCommentVisible" id="body_0_main_1_ProductSearch_GroceryBrowsing_TemplateResult_SearchResultListView_ctrl4_ctl00_14_AddToListButton_14_HidCommentVisible_14" value="1" />

                </div>
            </div>
        </div>
    </div>
</div>

        
	</div>
    
    
    
        
        <div id="body_0_main_1_ProductSearch_GroceryBrowsing_TemplateResult_SearchResultListView_ctrl6_ItemTemplatePanel_15" class="product-tile push--bottom grid__item slim palm--one-half portable--two-quarters desk--one-quarter">
		
            

<div class="item-product js-product js-equalized js-addtolist-container js-ga" data-product="{'ProductId':'00000_000000005577300079','BrandName':'McCain','FullDisplayName':'Tasti Tater Potato Bites','IsAgeRequired':false,'SizeLabel':'','Size':'800 g','ProductUrl':'/product/potato-bitestasti-tater/00000_000000005577300079','ProductImageUrl':'https://az836796.vo.msecnd.net/media/image/product/en/medium/0005577300079.jpg','HasNewPrice':false,'PromotionName':null,'RegularPrice':4.39000,'SalesPrice':null,'CustomerProductComment':null,'PopularityFactor':464.0}" data-bind="onceWith: products.createOrUpdate($element.getAttribute('data-product'))">
    <div class="popular-ribbon" data-bind="visible: popularityFactor() != null && popularityFactor() > 0" style="display: none">
        <span class="ribbon">
            Popular
        </span>
    </div>
    <div class="item-product" data-bind="css: { 'is-in-cart': quantity() }">
        <div class="grid">
            <div class="grid__item">
                <div class="media-overlay js-overlay-controls">
                    <a id="body_0_main_1_ProductSearch_GroceryBrowsing_TemplateResult_SearchResultListView_ctrl6_ctl00_15_ImageLink_15" tabindex="-1" title="Tasti Tater Potato Bites" class="js-ga-productimage" aria-hidden="true" role="presentation" href="/product/potato-bitestasti-tater/00000_000000005577300079"><img id="body_0_main_1_ProductSearch_GroceryBrowsing_TemplateResult_SearchResultListView_ctrl6_ctl00_15_ProductImage_15" class="fluid" onerror="this.onerror=null; this.src=globalSettings.ProductImages.Small" role="presentation" src="https://az836796.vo.msecnd.net/media/image/product/en/small/0005577300079.jpg" /></a>
                    
                    
                    <div class="item-product__overlay item-product__overlay--full-height" data-bind="visible: quantity()" style="display: none;">
                        <div>
                            <span class="item-product__quantity js-product-quantity" data-bind="'text': quantity"></span>
                            In your cart
                        </div>
                    </div>
                </div>
            </div>
            <div class="grid__item">
                <div class="item-product__content push--top">
                    <div class="js-equalized-sub-item push-medium--bottom">
                        <div id="body_0_main_1_ProductSearch_GroceryBrowsing_TemplateResult_SearchResultListView_ctrl6_ctl00_15_BrandNameZone_15" class="item-product__brand push--top">
                            McCain
                        </div>

                        <h3 class="h4-like">
                            <a id="body_0_main_1_ProductSearch_GroceryBrowsing_TemplateResult_SearchResultListView_ctrl6_ctl00_15_NavigateTo_15" class="js-ga-productname" aria-label="Tasti Tater Potato Bites" href="/product/potato-bitestasti-tater/00000_000000005577300079">Tasti Tater Potato Bites</a>
                        </h3>


                        <div id="body_0_main_1_ProductSearch_GroceryBrowsing_TemplateResult_SearchResultListView_ctrl6_ctl00_15_SizeZone_15" class="item-product__info">
                                
                                

                                800 g
                            </div>
                    </div>
                    <div id="body_0_main_1_ProductSearch_GroceryBrowsing_TemplateResult_SearchResultListView_ctrl6_ctl00_15_ListOfPrices_15" class="item-product__prices js-equalized-sub-item2">
                        <div class="grid grid--middle">
                            


    <div class="grid__item">
        <div class="item-product__price push-medium--bottom">
            <span class="price text--strong" >$4.39</span>
        </div>
    </div>



                            
                                <div class="grid__item portable-up--three-fifths">
                                    <div class="item-product__info palm--hide">
                                        <div class="text--small">
                                            $0.55 / 100G
                                        </div>
                                    </div>
                                </div>
                            
                        </div>
                    </div>
                </div>

            </div>
            <div class="grid__item">
                <div class="item-product__controls push--bottom">
                    

<div class="add-to-cart js-add-to-cart js-using-cart js-tutorial-addtocart">
	<span class="feedback">
		Product added to cart
	</span>

	<span class="hidden js-product-id">
		<input type="hidden" name="body_0$main_1$ProductSearch$GroceryBrowsing$TemplateResult$SearchResultListView$ctrl6$ctl00$ctl00$AddToCartButton$FldProduct" id="body_0_main_1_ProductSearch_GroceryBrowsing_TemplateResult_SearchResultListView_ctrl6_ctl00_15_AddToCartButton_15_FldProduct_15" value="00000_000000005577300079" />
	</span>
	<span class="hidden js-product-name">
		<input type="hidden" name="body_0$main_1$ProductSearch$GroceryBrowsing$TemplateResult$SearchResultListView$ctrl6$ctl00$ctl00$AddToCartButton$FldProductName" id="body_0_main_1_ProductSearch_GroceryBrowsing_TemplateResult_SearchResultListView_ctrl6_ctl00_15_AddToCartButton_15_FldProductName_15" />
	</span>
	<span class="hidden js-product-price">
		<input type="hidden" name="body_0$main_1$ProductSearch$GroceryBrowsing$TemplateResult$SearchResultListView$ctrl6$ctl00$ctl00$AddToCartButton$FldProductPrice" id="body_0_main_1_ProductSearch_GroceryBrowsing_TemplateResult_SearchResultListView_ctrl6_ctl00_15_AddToCartButton_15_FldProductPrice_15" />
	</span>
    <span class="hidden js-product-isnewprice">
		<input type="hidden" name="body_0$main_1$ProductSearch$GroceryBrowsing$TemplateResult$SearchResultListView$ctrl6$ctl00$ctl00$AddToCartButton$FldProductIsNewPrice" id="body_0_main_1_ProductSearch_GroceryBrowsing_TemplateResult_SearchResultListView_ctrl6_ctl00_15_AddToCartButton_15_FldProductIsNewPrice_15" />
	</span>
    <span class="hidden js-product-isonsale">
		<input type="hidden" name="body_0$main_1$ProductSearch$GroceryBrowsing$TemplateResult$SearchResultListView$ctrl6$ctl00$ctl00$AddToCartButton$FldProductIsOnSale" id="body_0_main_1_ProductSearch_GroceryBrowsing_TemplateResult_SearchResultListView_ctrl6_ctl00_15_AddToCartButton_15_FldProductIsOnSale_15" />
	</span>
    <span class="hidden js-product-isonpromo">
		<input type="hidden" name="body_0$main_1$ProductSearch$GroceryBrowsing$TemplateResult$SearchResultListView$ctrl6$ctl00$ctl00$AddToCartButton$FldProductIsOnPromo" id="body_0_main_1_ProductSearch_GroceryBrowsing_TemplateResult_SearchResultListView_ctrl6_ctl00_15_AddToCartButton_15_FldProductIsOnPromo_15" />
	</span>
	<span class="hidden js-ga-addToCart">
		<input type="hidden" name="body_0$main_1$ProductSearch$GroceryBrowsing$TemplateResult$SearchResultListView$ctrl6$ctl00$ctl00$AddToCartButton$FldProductItemAddName" id="body_0_main_1_ProductSearch_GroceryBrowsing_TemplateResult_SearchResultListView_ctrl6_ctl00_15_AddToCartButton_15_FldProductItemAddName_15" />
		<input type="hidden" name="body_0$main_1$ProductSearch$GroceryBrowsing$TemplateResult$SearchResultListView$ctrl6$ctl00$ctl00$AddToCartButton$FldProductItemAddPrice" id="body_0_main_1_ProductSearch_GroceryBrowsing_TemplateResult_SearchResultListView_ctrl6_ctl00_15_AddToCartButton_15_FldProductItemAddPrice_15" />
        <input type="hidden" name="body_0$main_1$ProductSearch$GroceryBrowsing$TemplateResult$SearchResultListView$ctrl6$ctl00$ctl00$AddToCartButton$FldProductItemAddIsNewPrice" id="body_0_main_1_ProductSearch_GroceryBrowsing_TemplateResult_SearchResultListView_ctrl6_ctl00_15_AddToCartButton_15_FldProductItemAddIsNewPrice_15" />
        <input type="hidden" name="body_0$main_1$ProductSearch$GroceryBrowsing$TemplateResult$SearchResultListView$ctrl6$ctl00$ctl00$AddToCartButton$FldProductItemAddIsOnSale" id="body_0_main_1_ProductSearch_GroceryBrowsing_TemplateResult_SearchResultListView_ctrl6_ctl00_15_AddToCartButton_15_FldProductItemAddIsOnSale_15" />
        <input type="hidden" name="body_0$main_1$ProductSearch$GroceryBrowsing$TemplateResult$SearchResultListView$ctrl6$ctl00$ctl00$AddToCartButton$FldProductItemAddIsOnPromo" id="body_0_main_1_ProductSearch_GroceryBrowsing_TemplateResult_SearchResultListView_ctrl6_ctl00_15_AddToCartButton_15_FldProductItemAddIsOnPromo_15" />
	</span>

	
	<div class="controls push-half--bottom">
		<div class="grid grid--full grid--middle" data-bind="visible: quantity()" style="display:none">
            <div class="grid__item one-third text--left">
                <a href="#" class="btn btn--default item-product__overlay-btn js-ga-decrement" data-bind="click: decrement"><span class="item-product__overlay-btn-label item-product__overlay-minus"><span class="visuallyhidden">-</span></span></a>
            </div>
            <div class="grid__item one-third text--center">
                <label for="body_0_main_1_ProductSearch_GroceryBrowsing_TemplateResult_SearchResultListView_ctrl6_ctl00_15_AddToCartButton_15_TxtNumber_15" id="body_0_main_1_ProductSearch_GroceryBrowsing_TemplateResult_SearchResultListView_ctrl6_ctl00_15_AddToCartButton_15_TxtQtyLabel_15" class="accessibility">Quantity for:  Tasti Tater Potato Bites $4.39</label>
                <input name="body_0$main_1$ProductSearch$GroceryBrowsing$TemplateResult$SearchResultListView$ctrl6$ctl00$ctl00$AddToCartButton$TxtNumber" type="number" value="1" id="body_0_main_1_ProductSearch_GroceryBrowsing_TemplateResult_SearchResultListView_ctrl6_ctl00_15_AddToCartButton_15_TxtNumber_15" class="js-add-to-cart-quantity" data-bind="&#39;value&#39;: editedQuantity, &#39;valueUpdate&#39;: &#39;afterkeydown&#39;, &#39;enterkey&#39;: saveEditedQuantity, hasFocus: isBeingEdited, selectAllOnClick: true, event: { blur: saveEditedQuantity }" />
            </div>
            <div class="grid__item one-third text--right">
                <a href="#" class="btn btn--default item-product__overlay-btn js-ga-increment" data-bind="click: increment, css: {'is-disabled': isQuantityMaxed}"><span class="item-product__overlay-btn-label item-product__overlay-plus"><span class="visuallyhidden">+</span></span></a>
            </div>
		</div>
		<span class="control  control--fluid controls__add">
			<button data-bind="'click': saveEditedQuantity, visible: !quantity()" class="btn  btn--default  btn--full-width  relative">
				Add to Cart
			</button>
		</span>
	</div>
</div>


                    


<div class="grid grid--full grid--middle js-product-comment-add-to-list-box" style="display: none" data-bind="visible: quantity() && isCommentMustVisible()">
    <div class="grid__item three-quarters text--center">
        <a id="body_0_main_1_ProductSearch_GroceryBrowsing_TemplateResult_SearchResultListView_ctrl6_ctl00_15_AddToListButton_15_BtnAddToListCart_15" class="btn btn--hollow btn--full-width push-half--bottom relative item-product__add-to-list js-addtolist-cta" href="/my-account/login?item=%2fshop-online%2ffrozen" title="Add item to list" class="item-product__add-to-list  js-addtolist-cta" data-comment-hyperlink="1" style="font-size: 12px;">
            <span style="display:inline-block;position:relative;background:inherit;">
                <span class="icn icn-item-list-icon palm--hide"></span>&nbsp;
            </span>
    
            Add to List
            <span class="js-added-to-list-notification item-product__added-to-list-notification" style="display: none; margin-top: -1px;">
                    <span class="icon icon--check icon--medium text--valid push--top"></span>
                </span>
        </a>
    </div>
    <div class="grid__item one-quarter js-add-comment-product-btn text--right" data-bind="template: { afterRender: initAddToList }">

        <button class="btn btn--hollow item-product__overlay-btn js-add-comment-cta push-half--bottom relative" data-bind="css: { 'btn--dark': customerComment() != '' && customerComment() != null }, click: openComentPopup" title="Comment">
            <span class="item-product__overlay-btn-label"><span class="icn" data-bind="css: { 'icon-comment-bubble-filled': customerComment() != '' && customerComment() != null, 'icon-comment-bubble-empty ': customerComment() == '' || customerComment() == null }"></span></span>
        </button>
    </div>
</div>

<div data-bind="visible: !quantity() || !isCommentMustVisible()">
    <a id="body_0_main_1_ProductSearch_GroceryBrowsing_TemplateResult_SearchResultListView_ctrl6_ctl00_15_AddToListButton_15_BtnAddToList_15" class="btn btn--hollow btn--full-width push-half--bottom relative item-product__add-to-list js-addtolist-cta" data-bind="visible: !quantity() || !isCommentMustVisible()" href="/my-account/login?item=%2fshop-online%2ffrozen" title="Add item to list" class="item-product__add-to-list  js-addtolist-cta" data-comment-hyperlink="0">
        <span style="display:inline-block;position:relative;background:inherit;">
            <span class="icn icn-item-list-icon palm--hide"></span>&nbsp;
        </span>
    
        Add to List
            <span class="js-added-to-list-notification item-product__added-to-list-notification" style="display: none; margin-top: -1px;">
                <span class="icon icon--check icon--medium text--valid push--top"></span>
            </span>
    </a>
</div>

<input type="hidden" name="body_0$main_1$ProductSearch$GroceryBrowsing$TemplateResult$SearchResultListView$ctrl6$ctl00$ctl00$AddToListButton$HidCommentVisible" id="body_0_main_1_ProductSearch_GroceryBrowsing_TemplateResult_SearchResultListView_ctrl6_ctl00_15_AddToListButton_15_HidCommentVisible_15" value="1" />

                </div>
            </div>
        </div>
    </div>
</div>

        
	</div>
    
        <div id="body_0_main_1_ProductSearch_GroceryBrowsing_TemplateResult_SearchResultListView_ctrl6_ItemTemplatePanel_16" class="product-tile push--bottom grid__item slim palm--one-half portable--two-quarters desk--one-quarter">
		
            

<div class="item-product js-product js-equalized js-addtolist-container js-ga" data-product="{'ProductId':'00000_000000005574250431','BrandName':'Compliments','FullDisplayName':'Country Lane Strawberries Frozen Fruit','IsAgeRequired':false,'SizeLabel':'','Size':'600 g','ProductUrl':'/product/frozen-fruitcountry-lane-strawberries/00000_000000005574250431','ProductImageUrl':'https://az836796.vo.msecnd.net/media/image/product/en/medium/0005574250431.jpg','HasNewPrice':false,'PromotionName':null,'RegularPrice':5.29000,'SalesPrice':4.99000,'CustomerProductComment':null,'PopularityFactor':482.0}" data-bind="onceWith: products.createOrUpdate($element.getAttribute('data-product'))">
    <div class="popular-ribbon" data-bind="visible: popularityFactor() != null && popularityFactor() > 0" style="display: none">
        <span class="ribbon">
            Popular
        </span>
    </div>
    <div class="item-product" data-bind="css: { 'is-in-cart': quantity() }">
        <div class="grid">
            <div class="grid__item">
                <div class="media-overlay js-overlay-controls">
                    <a id="body_0_main_1_ProductSearch_GroceryBrowsing_TemplateResult_SearchResultListView_ctrl6_ctl00_16_ImageLink_16" tabindex="-1" title="Country Lane Strawberries Frozen Fruit" class="js-ga-productimage" aria-hidden="true" role="presentation" href="/product/frozen-fruitcountry-lane-strawberries/00000_000000005574250431"><img id="body_0_main_1_ProductSearch_GroceryBrowsing_TemplateResult_SearchResultListView_ctrl6_ctl00_16_ProductImage_16" class="fluid" onerror="this.onerror=null; this.src=globalSettings.ProductImages.Small" role="presentation" src="https://az836796.vo.msecnd.net/media/image/product/en/small/0005574250431.jpg" /></a>
                    
                    
                    <div class="item-product__overlay item-product__overlay--full-height" data-bind="visible: quantity()" style="display: none;">
                        <div>
                            <span class="item-product__quantity js-product-quantity" data-bind="'text': quantity"></span>
                            In your cart
                        </div>
                    </div>
                </div>
            </div>
            <div class="grid__item">
                <div class="item-product__content push--top">
                    <div class="js-equalized-sub-item push-medium--bottom">
                        <div id="body_0_main_1_ProductSearch_GroceryBrowsing_TemplateResult_SearchResultListView_ctrl6_ctl00_16_BrandNameZone_16" class="item-product__brand push--top">
                            Compliments
                        </div>

                        <h3 class="h4-like">
                            <a id="body_0_main_1_ProductSearch_GroceryBrowsing_TemplateResult_SearchResultListView_ctrl6_ctl00_16_NavigateTo_16" class="js-ga-productname" aria-label="Country Lane Strawberries Frozen Fruit" href="/product/frozen-fruitcountry-lane-strawberries/00000_000000005574250431">Country Lane Strawberries Frozen Fruit</a>
                        </h3>


                        <div id="body_0_main_1_ProductSearch_GroceryBrowsing_TemplateResult_SearchResultListView_ctrl6_ctl00_16_SizeZone_16" class="item-product__info">
                                
                                

                                600 g
                            </div>
                    </div>
                    <div id="body_0_main_1_ProductSearch_GroceryBrowsing_TemplateResult_SearchResultListView_ctrl6_ctl00_16_ListOfPrices_16" class="item-product__prices js-equalized-sub-item2 on-sale">
                        <div class="grid grid--middle">
                            

    <div class="grid__item push-medium--bottom">
        <div class="item-product__price--sale">
            <span class="text--strong">
                <span class="price text--strong" >$4.99</span>
            </span>
        </div>
    </div>



    <div class="grid__item portable-up--two-fifths">
        <div class="item-product__price">
            <span class="price-amount">$5.29</span>
        </div>
    </div>


                            
                                <div class="grid__item portable-up--three-fifths">
                                    <div class="item-product__info palm--hide">
                                        <div class="text--small">
                                            $0.83 / 100G
                                        </div>
                                    </div>
                                </div>
                            
                        </div>
                    </div>
                </div>

            </div>
            <div class="grid__item">
                <div class="item-product__controls push--bottom">
                    

<div class="add-to-cart js-add-to-cart js-using-cart js-tutorial-addtocart">
	<span class="feedback">
		Product added to cart
	</span>

	<span class="hidden js-product-id">
		<input type="hidden" name="body_0$main_1$ProductSearch$GroceryBrowsing$TemplateResult$SearchResultListView$ctrl6$ctl01$ctl00$AddToCartButton$FldProduct" id="body_0_main_1_ProductSearch_GroceryBrowsing_TemplateResult_SearchResultListView_ctrl6_ctl00_16_AddToCartButton_16_FldProduct_16" value="00000_000000005574250431" />
	</span>
	<span class="hidden js-product-name">
		<input type="hidden" name="body_0$main_1$ProductSearch$GroceryBrowsing$TemplateResult$SearchResultListView$ctrl6$ctl01$ctl00$AddToCartButton$FldProductName" id="body_0_main_1_ProductSearch_GroceryBrowsing_TemplateResult_SearchResultListView_ctrl6_ctl00_16_AddToCartButton_16_FldProductName_16" />
	</span>
	<span class="hidden js-product-price">
		<input type="hidden" name="body_0$main_1$ProductSearch$GroceryBrowsing$TemplateResult$SearchResultListView$ctrl6$ctl01$ctl00$AddToCartButton$FldProductPrice" id="body_0_main_1_ProductSearch_GroceryBrowsing_TemplateResult_SearchResultListView_ctrl6_ctl00_16_AddToCartButton_16_FldProductPrice_16" />
	</span>
    <span class="hidden js-product-isnewprice">
		<input type="hidden" name="body_0$main_1$ProductSearch$GroceryBrowsing$TemplateResult$SearchResultListView$ctrl6$ctl01$ctl00$AddToCartButton$FldProductIsNewPrice" id="body_0_main_1_ProductSearch_GroceryBrowsing_TemplateResult_SearchResultListView_ctrl6_ctl00_16_AddToCartButton_16_FldProductIsNewPrice_16" />
	</span>
    <span class="hidden js-product-isonsale">
		<input type="hidden" name="body_0$main_1$ProductSearch$GroceryBrowsing$TemplateResult$SearchResultListView$ctrl6$ctl01$ctl00$AddToCartButton$FldProductIsOnSale" id="body_0_main_1_ProductSearch_GroceryBrowsing_TemplateResult_SearchResultListView_ctrl6_ctl00_16_AddToCartButton_16_FldProductIsOnSale_16" />
	</span>
    <span class="hidden js-product-isonpromo">
		<input type="hidden" name="body_0$main_1$ProductSearch$GroceryBrowsing$TemplateResult$SearchResultListView$ctrl6$ctl01$ctl00$AddToCartButton$FldProductIsOnPromo" id="body_0_main_1_ProductSearch_GroceryBrowsing_TemplateResult_SearchResultListView_ctrl6_ctl00_16_AddToCartButton_16_FldProductIsOnPromo_16" />
	</span>
	<span class="hidden js-ga-addToCart">
		<input type="hidden" name="body_0$main_1$ProductSearch$GroceryBrowsing$TemplateResult$SearchResultListView$ctrl6$ctl01$ctl00$AddToCartButton$FldProductItemAddName" id="body_0_main_1_ProductSearch_GroceryBrowsing_TemplateResult_SearchResultListView_ctrl6_ctl00_16_AddToCartButton_16_FldProductItemAddName_16" />
		<input type="hidden" name="body_0$main_1$ProductSearch$GroceryBrowsing$TemplateResult$SearchResultListView$ctrl6$ctl01$ctl00$AddToCartButton$FldProductItemAddPrice" id="body_0_main_1_ProductSearch_GroceryBrowsing_TemplateResult_SearchResultListView_ctrl6_ctl00_16_AddToCartButton_16_FldProductItemAddPrice_16" />
        <input type="hidden" name="body_0$main_1$ProductSearch$GroceryBrowsing$TemplateResult$SearchResultListView$ctrl6$ctl01$ctl00$AddToCartButton$FldProductItemAddIsNewPrice" id="body_0_main_1_ProductSearch_GroceryBrowsing_TemplateResult_SearchResultListView_ctrl6_ctl00_16_AddToCartButton_16_FldProductItemAddIsNewPrice_16" />
        <input type="hidden" name="body_0$main_1$ProductSearch$GroceryBrowsing$TemplateResult$SearchResultListView$ctrl6$ctl01$ctl00$AddToCartButton$FldProductItemAddIsOnSale" id="body_0_main_1_ProductSearch_GroceryBrowsing_TemplateResult_SearchResultListView_ctrl6_ctl00_16_AddToCartButton_16_FldProductItemAddIsOnSale_16" />
        <input type="hidden" name="body_0$main_1$ProductSearch$GroceryBrowsing$TemplateResult$SearchResultListView$ctrl6$ctl01$ctl00$AddToCartButton$FldProductItemAddIsOnPromo" id="body_0_main_1_ProductSearch_GroceryBrowsing_TemplateResult_SearchResultListView_ctrl6_ctl00_16_AddToCartButton_16_FldProductItemAddIsOnPromo_16" />
	</span>

	
	<div class="controls push-half--bottom">
		<div class="grid grid--full grid--middle" data-bind="visible: quantity()" style="display:none">
            <div class="grid__item one-third text--left">
                <a href="#" class="btn btn--default item-product__overlay-btn js-ga-decrement" data-bind="click: decrement"><span class="item-product__overlay-btn-label item-product__overlay-minus"><span class="visuallyhidden">-</span></span></a>
            </div>
            <div class="grid__item one-third text--center">
                <label for="body_0_main_1_ProductSearch_GroceryBrowsing_TemplateResult_SearchResultListView_ctrl6_ctl00_16_AddToCartButton_16_TxtNumber_16" id="body_0_main_1_ProductSearch_GroceryBrowsing_TemplateResult_SearchResultListView_ctrl6_ctl00_16_AddToCartButton_16_TxtQtyLabel_16" class="accessibility">Quantity for:  Country Lane Strawberries Frozen Fruit $4.99</label>
                <input name="body_0$main_1$ProductSearch$GroceryBrowsing$TemplateResult$SearchResultListView$ctrl6$ctl01$ctl00$AddToCartButton$TxtNumber" type="number" value="1" id="body_0_main_1_ProductSearch_GroceryBrowsing_TemplateResult_SearchResultListView_ctrl6_ctl00_16_AddToCartButton_16_TxtNumber_16" class="js-add-to-cart-quantity" data-bind="&#39;value&#39;: editedQuantity, &#39;valueUpdate&#39;: &#39;afterkeydown&#39;, &#39;enterkey&#39;: saveEditedQuantity, hasFocus: isBeingEdited, selectAllOnClick: true, event: { blur: saveEditedQuantity }" />
            </div>
            <div class="grid__item one-third text--right">
                <a href="#" class="btn btn--default item-product__overlay-btn js-ga-increment" data-bind="click: increment, css: {'is-disabled': isQuantityMaxed}"><span class="item-product__overlay-btn-label item-product__overlay-plus"><span class="visuallyhidden">+</span></span></a>
            </div>
		</div>
		<span class="control  control--fluid controls__add">
			<button data-bind="'click': saveEditedQuantity, visible: !quantity()" class="btn  btn--default  btn--full-width  relative">
				Add to Cart
			</button>
		</span>
	</div>
</div>


                    


<div class="grid grid--full grid--middle js-product-comment-add-to-list-box" style="display: none" data-bind="visible: quantity() && isCommentMustVisible()">
    <div class="grid__item three-quarters text--center">
        <a id="body_0_main_1_ProductSearch_GroceryBrowsing_TemplateResult_SearchResultListView_ctrl6_ctl00_16_AddToListButton_16_BtnAddToListCart_16" class="btn btn--hollow btn--full-width push-half--bottom relative item-product__add-to-list js-addtolist-cta" href="/my-account/login?item=%2fshop-online%2ffrozen" title="Add item to list" class="item-product__add-to-list  js-addtolist-cta" data-comment-hyperlink="1" style="font-size: 12px;">
            <span style="display:inline-block;position:relative;background:inherit;">
                <span class="icn icn-item-list-icon palm--hide"></span>&nbsp;
            </span>
    
            Add to List
            <span class="js-added-to-list-notification item-product__added-to-list-notification" style="display: none; margin-top: -1px;">
                    <span class="icon icon--check icon--medium text--valid push--top"></span>
                </span>
        </a>
    </div>
    <div class="grid__item one-quarter js-add-comment-product-btn text--right" data-bind="template: { afterRender: initAddToList }">

        <button class="btn btn--hollow item-product__overlay-btn js-add-comment-cta push-half--bottom relative" data-bind="css: { 'btn--dark': customerComment() != '' && customerComment() != null }, click: openComentPopup" title="Comment">
            <span class="item-product__overlay-btn-label"><span class="icn" data-bind="css: { 'icon-comment-bubble-filled': customerComment() != '' && customerComment() != null, 'icon-comment-bubble-empty ': customerComment() == '' || customerComment() == null }"></span></span>
        </button>
    </div>
</div>

<div data-bind="visible: !quantity() || !isCommentMustVisible()">
    <a id="body_0_main_1_ProductSearch_GroceryBrowsing_TemplateResult_SearchResultListView_ctrl6_ctl00_16_AddToListButton_16_BtnAddToList_16" class="btn btn--hollow btn--full-width push-half--bottom relative item-product__add-to-list js-addtolist-cta" data-bind="visible: !quantity() || !isCommentMustVisible()" href="/my-account/login?item=%2fshop-online%2ffrozen" title="Add item to list" class="item-product__add-to-list  js-addtolist-cta" data-comment-hyperlink="0">
        <span style="display:inline-block;position:relative;background:inherit;">
            <span class="icn icn-item-list-icon palm--hide"></span>&nbsp;
        </span>
    
        Add to List
            <span class="js-added-to-list-notification item-product__added-to-list-notification" style="display: none; margin-top: -1px;">
                <span class="icon icon--check icon--medium text--valid push--top"></span>
            </span>
    </a>
</div>

<input type="hidden" name="body_0$main_1$ProductSearch$GroceryBrowsing$TemplateResult$SearchResultListView$ctrl6$ctl01$ctl00$AddToListButton$HidCommentVisible" id="body_0_main_1_ProductSearch_GroceryBrowsing_TemplateResult_SearchResultListView_ctrl6_ctl00_16_AddToListButton_16_HidCommentVisible_16" value="1" />

                </div>
            </div>
        </div>
    </div>
</div>

        
	</div>
    
        <div id="body_0_main_1_ProductSearch_GroceryBrowsing_TemplateResult_SearchResultListView_ctrl6_ItemTemplatePanel_17" class="product-tile push--bottom grid__item slim palm--one-half portable--two-quarters desk--one-quarter">
		
            

<div class="item-product js-product js-equalized js-addtolist-container js-ga" data-product="{'ProductId':'00000_000000005574237535','BrandName':'Compliments','FullDisplayName':'Cubed Fried Potato Hash Browns','IsAgeRequired':false,'SizeLabel':'','Size':'1 KG','ProductUrl':'/product/hash-brownscubed-fried-potato/00000_000000005574237535','ProductImageUrl':'https://az836796.vo.msecnd.net/media/image/product/en/medium/0005574237535.jpg','HasNewPrice':false,'PromotionName':null,'RegularPrice':3.49000,'SalesPrice':null,'CustomerProductComment':null,'PopularityFactor':488.0}" data-bind="onceWith: products.createOrUpdate($element.getAttribute('data-product'))">
    <div class="popular-ribbon" data-bind="visible: popularityFactor() != null && popularityFactor() > 0" style="display: none">
        <span class="ribbon">
            Popular
        </span>
    </div>
    <div class="item-product" data-bind="css: { 'is-in-cart': quantity() }">
        <div class="grid">
            <div class="grid__item">
                <div class="media-overlay js-overlay-controls">
                    <a id="body_0_main_1_ProductSearch_GroceryBrowsing_TemplateResult_SearchResultListView_ctrl6_ctl00_17_ImageLink_17" tabindex="-1" title="Cubed Fried Potato Hash Browns" class="js-ga-productimage" aria-hidden="true" role="presentation" href="/product/hash-brownscubed-fried-potato/00000_000000005574237535"><img id="body_0_main_1_ProductSearch_GroceryBrowsing_TemplateResult_SearchResultListView_ctrl6_ctl00_17_ProductImage_17" class="fluid" onerror="this.onerror=null; this.src=globalSettings.ProductImages.Small" role="presentation" src="https://az836796.vo.msecnd.net/media/image/product/en/small/0005574237535.jpg" /></a>
                    
                    
                    <div class="item-product__overlay item-product__overlay--full-height" data-bind="visible: quantity()" style="display: none;">
                        <div>
                            <span class="item-product__quantity js-product-quantity" data-bind="'text': quantity"></span>
                            In your cart
                        </div>
                    </div>
                </div>
            </div>
            <div class="grid__item">
                <div class="item-product__content push--top">
                    <div class="js-equalized-sub-item push-medium--bottom">
                        <div id="body_0_main_1_ProductSearch_GroceryBrowsing_TemplateResult_SearchResultListView_ctrl6_ctl00_17_BrandNameZone_17" class="item-product__brand push--top">
                            Compliments
                        </div>

                        <h3 class="h4-like">
                            <a id="body_0_main_1_ProductSearch_GroceryBrowsing_TemplateResult_SearchResultListView_ctrl6_ctl00_17_NavigateTo_17" class="js-ga-productname" aria-label="Cubed Fried Potato Hash Browns" href="/product/hash-brownscubed-fried-potato/00000_000000005574237535">Cubed Fried Potato Hash Browns</a>
                        </h3>


                        <div id="body_0_main_1_ProductSearch_GroceryBrowsing_TemplateResult_SearchResultListView_ctrl6_ctl00_17_SizeZone_17" class="item-product__info">
                                
                                

                                1 KG
                            </div>
                    </div>
                    <div id="body_0_main_1_ProductSearch_GroceryBrowsing_TemplateResult_SearchResultListView_ctrl6_ctl00_17_ListOfPrices_17" class="item-product__prices js-equalized-sub-item2">
                        <div class="grid grid--middle">
                            


    <div class="grid__item">
        <div class="item-product__price push-medium--bottom">
            <span class="price text--strong" >$3.49</span>
        </div>
    </div>



                            
                                <div class="grid__item portable-up--three-fifths">
                                    <div class="item-product__info palm--hide">
                                        <div class="text--small">
                                            $0.35 / 100G
                                        </div>
                                    </div>
                                </div>
                            
                        </div>
                    </div>
                </div>

            </div>
            <div class="grid__item">
                <div class="item-product__controls push--bottom">
                    

<div class="add-to-cart js-add-to-cart js-using-cart js-tutorial-addtocart">
	<span class="feedback">
		Product added to cart
	</span>

	<span class="hidden js-product-id">
		<input type="hidden" name="body_0$main_1$ProductSearch$GroceryBrowsing$TemplateResult$SearchResultListView$ctrl6$ctl02$ctl00$AddToCartButton$FldProduct" id="body_0_main_1_ProductSearch_GroceryBrowsing_TemplateResult_SearchResultListView_ctrl6_ctl00_17_AddToCartButton_17_FldProduct_17" value="00000_000000005574237535" />
	</span>
	<span class="hidden js-product-name">
		<input type="hidden" name="body_0$main_1$ProductSearch$GroceryBrowsing$TemplateResult$SearchResultListView$ctrl6$ctl02$ctl00$AddToCartButton$FldProductName" id="body_0_main_1_ProductSearch_GroceryBrowsing_TemplateResult_SearchResultListView_ctrl6_ctl00_17_AddToCartButton_17_FldProductName_17" />
	</span>
	<span class="hidden js-product-price">
		<input type="hidden" name="body_0$main_1$ProductSearch$GroceryBrowsing$TemplateResult$SearchResultListView$ctrl6$ctl02$ctl00$AddToCartButton$FldProductPrice" id="body_0_main_1_ProductSearch_GroceryBrowsing_TemplateResult_SearchResultListView_ctrl6_ctl00_17_AddToCartButton_17_FldProductPrice_17" />
	</span>
    <span class="hidden js-product-isnewprice">
		<input type="hidden" name="body_0$main_1$ProductSearch$GroceryBrowsing$TemplateResult$SearchResultListView$ctrl6$ctl02$ctl00$AddToCartButton$FldProductIsNewPrice" id="body_0_main_1_ProductSearch_GroceryBrowsing_TemplateResult_SearchResultListView_ctrl6_ctl00_17_AddToCartButton_17_FldProductIsNewPrice_17" />
	</span>
    <span class="hidden js-product-isonsale">
		<input type="hidden" name="body_0$main_1$ProductSearch$GroceryBrowsing$TemplateResult$SearchResultListView$ctrl6$ctl02$ctl00$AddToCartButton$FldProductIsOnSale" id="body_0_main_1_ProductSearch_GroceryBrowsing_TemplateResult_SearchResultListView_ctrl6_ctl00_17_AddToCartButton_17_FldProductIsOnSale_17" />
	</span>
    <span class="hidden js-product-isonpromo">
		<input type="hidden" name="body_0$main_1$ProductSearch$GroceryBrowsing$TemplateResult$SearchResultListView$ctrl6$ctl02$ctl00$AddToCartButton$FldProductIsOnPromo" id="body_0_main_1_ProductSearch_GroceryBrowsing_TemplateResult_SearchResultListView_ctrl6_ctl00_17_AddToCartButton_17_FldProductIsOnPromo_17" />
	</span>
	<span class="hidden js-ga-addToCart">
		<input type="hidden" name="body_0$main_1$ProductSearch$GroceryBrowsing$TemplateResult$SearchResultListView$ctrl6$ctl02$ctl00$AddToCartButton$FldProductItemAddName" id="body_0_main_1_ProductSearch_GroceryBrowsing_TemplateResult_SearchResultListView_ctrl6_ctl00_17_AddToCartButton_17_FldProductItemAddName_17" />
		<input type="hidden" name="body_0$main_1$ProductSearch$GroceryBrowsing$TemplateResult$SearchResultListView$ctrl6$ctl02$ctl00$AddToCartButton$FldProductItemAddPrice" id="body_0_main_1_ProductSearch_GroceryBrowsing_TemplateResult_SearchResultListView_ctrl6_ctl00_17_AddToCartButton_17_FldProductItemAddPrice_17" />
        <input type="hidden" name="body_0$main_1$ProductSearch$GroceryBrowsing$TemplateResult$SearchResultListView$ctrl6$ctl02$ctl00$AddToCartButton$FldProductItemAddIsNewPrice" id="body_0_main_1_ProductSearch_GroceryBrowsing_TemplateResult_SearchResultListView_ctrl6_ctl00_17_AddToCartButton_17_FldProductItemAddIsNewPrice_17" />
        <input type="hidden" name="body_0$main_1$ProductSearch$GroceryBrowsing$TemplateResult$SearchResultListView$ctrl6$ctl02$ctl00$AddToCartButton$FldProductItemAddIsOnSale" id="body_0_main_1_ProductSearch_GroceryBrowsing_TemplateResult_SearchResultListView_ctrl6_ctl00_17_AddToCartButton_17_FldProductItemAddIsOnSale_17" />
        <input type="hidden" name="body_0$main_1$ProductSearch$GroceryBrowsing$TemplateResult$SearchResultListView$ctrl6$ctl02$ctl00$AddToCartButton$FldProductItemAddIsOnPromo" id="body_0_main_1_ProductSearch_GroceryBrowsing_TemplateResult_SearchResultListView_ctrl6_ctl00_17_AddToCartButton_17_FldProductItemAddIsOnPromo_17" />
	</span>

	
	<div class="controls push-half--bottom">
		<div class="grid grid--full grid--middle" data-bind="visible: quantity()" style="display:none">
            <div class="grid__item one-third text--left">
                <a href="#" class="btn btn--default item-product__overlay-btn js-ga-decrement" data-bind="click: decrement"><span class="item-product__overlay-btn-label item-product__overlay-minus"><span class="visuallyhidden">-</span></span></a>
            </div>
            <div class="grid__item one-third text--center">
                <label for="body_0_main_1_ProductSearch_GroceryBrowsing_TemplateResult_SearchResultListView_ctrl6_ctl00_17_AddToCartButton_17_TxtNumber_17" id="body_0_main_1_ProductSearch_GroceryBrowsing_TemplateResult_SearchResultListView_ctrl6_ctl00_17_AddToCartButton_17_TxtQtyLabel_17" class="accessibility">Quantity for:  Cubed Fried Potato Hash Browns $3.49</label>
                <input name="body_0$main_1$ProductSearch$GroceryBrowsing$TemplateResult$SearchResultListView$ctrl6$ctl02$ctl00$AddToCartButton$TxtNumber" type="number" value="1" id="body_0_main_1_ProductSearch_GroceryBrowsing_TemplateResult_SearchResultListView_ctrl6_ctl00_17_AddToCartButton_17_TxtNumber_17" class="js-add-to-cart-quantity" data-bind="&#39;value&#39;: editedQuantity, &#39;valueUpdate&#39;: &#39;afterkeydown&#39;, &#39;enterkey&#39;: saveEditedQuantity, hasFocus: isBeingEdited, selectAllOnClick: true, event: { blur: saveEditedQuantity }" />
            </div>
            <div class="grid__item one-third text--right">
                <a href="#" class="btn btn--default item-product__overlay-btn js-ga-increment" data-bind="click: increment, css: {'is-disabled': isQuantityMaxed}"><span class="item-product__overlay-btn-label item-product__overlay-plus"><span class="visuallyhidden">+</span></span></a>
            </div>
		</div>
		<span class="control  control--fluid controls__add">
			<button data-bind="'click': saveEditedQuantity, visible: !quantity()" class="btn  btn--default  btn--full-width  relative">
				Add to Cart
			</button>
		</span>
	</div>
</div>


                    


<div class="grid grid--full grid--middle js-product-comment-add-to-list-box" style="display: none" data-bind="visible: quantity() && isCommentMustVisible()">
    <div class="grid__item three-quarters text--center">
        <a id="body_0_main_1_ProductSearch_GroceryBrowsing_TemplateResult_SearchResultListView_ctrl6_ctl00_17_AddToListButton_17_BtnAddToListCart_17" class="btn btn--hollow btn--full-width push-half--bottom relative item-product__add-to-list js-addtolist-cta" href="/my-account/login?item=%2fshop-online%2ffrozen" title="Add item to list" class="item-product__add-to-list  js-addtolist-cta" data-comment-hyperlink="1" style="font-size: 12px;">
            <span style="display:inline-block;position:relative;background:inherit;">
                <span class="icn icn-item-list-icon palm--hide"></span>&nbsp;
            </span>
    
            Add to List
            <span class="js-added-to-list-notification item-product__added-to-list-notification" style="display: none; margin-top: -1px;">
                    <span class="icon icon--check icon--medium text--valid push--top"></span>
                </span>
        </a>
    </div>
    <div class="grid__item one-quarter js-add-comment-product-btn text--right" data-bind="template: { afterRender: initAddToList }">

        <button class="btn btn--hollow item-product__overlay-btn js-add-comment-cta push-half--bottom relative" data-bind="css: { 'btn--dark': customerComment() != '' && customerComment() != null }, click: openComentPopup" title="Comment">
            <span class="item-product__overlay-btn-label"><span class="icn" data-bind="css: { 'icon-comment-bubble-filled': customerComment() != '' && customerComment() != null, 'icon-comment-bubble-empty ': customerComment() == '' || customerComment() == null }"></span></span>
        </button>
    </div>
</div>

<div data-bind="visible: !quantity() || !isCommentMustVisible()">
    <a id="body_0_main_1_ProductSearch_GroceryBrowsing_TemplateResult_SearchResultListView_ctrl6_ctl00_17_AddToListButton_17_BtnAddToList_17" class="btn btn--hollow btn--full-width push-half--bottom relative item-product__add-to-list js-addtolist-cta" data-bind="visible: !quantity() || !isCommentMustVisible()" href="/my-account/login?item=%2fshop-online%2ffrozen" title="Add item to list" class="item-product__add-to-list  js-addtolist-cta" data-comment-hyperlink="0">
        <span style="display:inline-block;position:relative;background:inherit;">
            <span class="icn icn-item-list-icon palm--hide"></span>&nbsp;
        </span>
    
        Add to List
            <span class="js-added-to-list-notification item-product__added-to-list-notification" style="display: none; margin-top: -1px;">
                <span class="icon icon--check icon--medium text--valid push--top"></span>
            </span>
    </a>
</div>

<input type="hidden" name="body_0$main_1$ProductSearch$GroceryBrowsing$TemplateResult$SearchResultListView$ctrl6$ctl02$ctl00$AddToListButton$HidCommentVisible" id="body_0_main_1_ProductSearch_GroceryBrowsing_TemplateResult_SearchResultListView_ctrl6_ctl00_17_AddToListButton_17_HidCommentVisible_17" value="1" />

                </div>
            </div>
        </div>
    </div>
</div>

        
	</div>
    
        <div id="body_0_main_1_ProductSearch_GroceryBrowsing_TemplateResult_SearchResultListView_ctrl6_ItemTemplatePanel_18" class="product-tile push--bottom grid__item slim palm--one-half portable--two-quarters desk--one-quarter">
		
            

<div class="item-product js-product js-equalized js-addtolist-container js-ga" data-product="{'ProductId':'00000_000000005693670000','BrandName':'Cheemo','FullDisplayName':'Potato & Cheese Perogies','IsAgeRequired':false,'SizeLabel':'','Size':'907 g','ProductUrl':'/product/perogiespotato--cheese/00000_000000005693670000','ProductImageUrl':'https://az836796.vo.msecnd.net/media/image/product/en/medium/0005693670000.jpg','HasNewPrice':false,'PromotionName':null,'RegularPrice':3.49000,'SalesPrice':null,'CustomerProductComment':null,'PopularityFactor':510.5}" data-bind="onceWith: products.createOrUpdate($element.getAttribute('data-product'))">
    <div class="popular-ribbon" data-bind="visible: popularityFactor() != null && popularityFactor() > 0" style="display: none">
        <span class="ribbon">
            Popular
        </span>
    </div>
    <div class="item-product" data-bind="css: { 'is-in-cart': quantity() }">
        <div class="grid">
            <div class="grid__item">
                <div class="media-overlay js-overlay-controls">
                    <a id="body_0_main_1_ProductSearch_GroceryBrowsing_TemplateResult_SearchResultListView_ctrl6_ctl00_18_ImageLink_18" tabindex="-1" title="Potato &amp; Cheese Perogies" class="js-ga-productimage" aria-hidden="true" role="presentation" href="/product/perogiespotato--cheese/00000_000000005693670000"><img id="body_0_main_1_ProductSearch_GroceryBrowsing_TemplateResult_SearchResultListView_ctrl6_ctl00_18_ProductImage_18" class="fluid" onerror="this.onerror=null; this.src=globalSettings.ProductImages.Small" role="presentation" src="https://az836796.vo.msecnd.net/media/image/product/en/small/0005693670000.jpg" /></a>
                    
                    
                    <div class="item-product__overlay item-product__overlay--full-height" data-bind="visible: quantity()" style="display: none;">
                        <div>
                            <span class="item-product__quantity js-product-quantity" data-bind="'text': quantity"></span>
                            In your cart
                        </div>
                    </div>
                </div>
            </div>
            <div class="grid__item">
                <div class="item-product__content push--top">
                    <div class="js-equalized-sub-item push-medium--bottom">
                        <div id="body_0_main_1_ProductSearch_GroceryBrowsing_TemplateResult_SearchResultListView_ctrl6_ctl00_18_BrandNameZone_18" class="item-product__brand push--top">
                            Cheemo
                        </div>

                        <h3 class="h4-like">
                            <a id="body_0_main_1_ProductSearch_GroceryBrowsing_TemplateResult_SearchResultListView_ctrl6_ctl00_18_NavigateTo_18" class="js-ga-productname" aria-label="Potato &amp; Cheese Perogies" href="/product/perogiespotato--cheese/00000_000000005693670000">Potato & Cheese Perogies</a>
                        </h3>


                        <div id="body_0_main_1_ProductSearch_GroceryBrowsing_TemplateResult_SearchResultListView_ctrl6_ctl00_18_SizeZone_18" class="item-product__info">
                                
                                

                                907 g
                            </div>
                    </div>
                    <div id="body_0_main_1_ProductSearch_GroceryBrowsing_TemplateResult_SearchResultListView_ctrl6_ctl00_18_ListOfPrices_18" class="item-product__prices js-equalized-sub-item2">
                        <div class="grid grid--middle">
                            


    <div class="grid__item">
        <div class="item-product__price push-medium--bottom">
            <span class="price text--strong" >$3.49</span>
        </div>
    </div>



                            
                                <div class="grid__item portable-up--three-fifths">
                                    <div class="item-product__info palm--hide">
                                        <div class="text--small">
                                            $0.38 / 100G
                                        </div>
                                    </div>
                                </div>
                            
                        </div>
                    </div>
                </div>

            </div>
            <div class="grid__item">
                <div class="item-product__controls push--bottom">
                    

<div class="add-to-cart js-add-to-cart js-using-cart js-tutorial-addtocart">
	<span class="feedback">
		Product added to cart
	</span>

	<span class="hidden js-product-id">
		<input type="hidden" name="body_0$main_1$ProductSearch$GroceryBrowsing$TemplateResult$SearchResultListView$ctrl6$ctl03$ctl00$AddToCartButton$FldProduct" id="body_0_main_1_ProductSearch_GroceryBrowsing_TemplateResult_SearchResultListView_ctrl6_ctl00_18_AddToCartButton_18_FldProduct_18" value="00000_000000005693670000" />
	</span>
	<span class="hidden js-product-name">
		<input type="hidden" name="body_0$main_1$ProductSearch$GroceryBrowsing$TemplateResult$SearchResultListView$ctrl6$ctl03$ctl00$AddToCartButton$FldProductName" id="body_0_main_1_ProductSearch_GroceryBrowsing_TemplateResult_SearchResultListView_ctrl6_ctl00_18_AddToCartButton_18_FldProductName_18" />
	</span>
	<span class="hidden js-product-price">
		<input type="hidden" name="body_0$main_1$ProductSearch$GroceryBrowsing$TemplateResult$SearchResultListView$ctrl6$ctl03$ctl00$AddToCartButton$FldProductPrice" id="body_0_main_1_ProductSearch_GroceryBrowsing_TemplateResult_SearchResultListView_ctrl6_ctl00_18_AddToCartButton_18_FldProductPrice_18" />
	</span>
    <span class="hidden js-product-isnewprice">
		<input type="hidden" name="body_0$main_1$ProductSearch$GroceryBrowsing$TemplateResult$SearchResultListView$ctrl6$ctl03$ctl00$AddToCartButton$FldProductIsNewPrice" id="body_0_main_1_ProductSearch_GroceryBrowsing_TemplateResult_SearchResultListView_ctrl6_ctl00_18_AddToCartButton_18_FldProductIsNewPrice_18" />
	</span>
    <span class="hidden js-product-isonsale">
		<input type="hidden" name="body_0$main_1$ProductSearch$GroceryBrowsing$TemplateResult$SearchResultListView$ctrl6$ctl03$ctl00$AddToCartButton$FldProductIsOnSale" id="body_0_main_1_ProductSearch_GroceryBrowsing_TemplateResult_SearchResultListView_ctrl6_ctl00_18_AddToCartButton_18_FldProductIsOnSale_18" />
	</span>
    <span class="hidden js-product-isonpromo">
		<input type="hidden" name="body_0$main_1$ProductSearch$GroceryBrowsing$TemplateResult$SearchResultListView$ctrl6$ctl03$ctl00$AddToCartButton$FldProductIsOnPromo" id="body_0_main_1_ProductSearch_GroceryBrowsing_TemplateResult_SearchResultListView_ctrl6_ctl00_18_AddToCartButton_18_FldProductIsOnPromo_18" />
	</span>
	<span class="hidden js-ga-addToCart">
		<input type="hidden" name="body_0$main_1$ProductSearch$GroceryBrowsing$TemplateResult$SearchResultListView$ctrl6$ctl03$ctl00$AddToCartButton$FldProductItemAddName" id="body_0_main_1_ProductSearch_GroceryBrowsing_TemplateResult_SearchResultListView_ctrl6_ctl00_18_AddToCartButton_18_FldProductItemAddName_18" />
		<input type="hidden" name="body_0$main_1$ProductSearch$GroceryBrowsing$TemplateResult$SearchResultListView$ctrl6$ctl03$ctl00$AddToCartButton$FldProductItemAddPrice" id="body_0_main_1_ProductSearch_GroceryBrowsing_TemplateResult_SearchResultListView_ctrl6_ctl00_18_AddToCartButton_18_FldProductItemAddPrice_18" />
        <input type="hidden" name="body_0$main_1$ProductSearch$GroceryBrowsing$TemplateResult$SearchResultListView$ctrl6$ctl03$ctl00$AddToCartButton$FldProductItemAddIsNewPrice" id="body_0_main_1_ProductSearch_GroceryBrowsing_TemplateResult_SearchResultListView_ctrl6_ctl00_18_AddToCartButton_18_FldProductItemAddIsNewPrice_18" />
        <input type="hidden" name="body_0$main_1$ProductSearch$GroceryBrowsing$TemplateResult$SearchResultListView$ctrl6$ctl03$ctl00$AddToCartButton$FldProductItemAddIsOnSale" id="body_0_main_1_ProductSearch_GroceryBrowsing_TemplateResult_SearchResultListView_ctrl6_ctl00_18_AddToCartButton_18_FldProductItemAddIsOnSale_18" />
        <input type="hidden" name="body_0$main_1$ProductSearch$GroceryBrowsing$TemplateResult$SearchResultListView$ctrl6$ctl03$ctl00$AddToCartButton$FldProductItemAddIsOnPromo" id="body_0_main_1_ProductSearch_GroceryBrowsing_TemplateResult_SearchResultListView_ctrl6_ctl00_18_AddToCartButton_18_FldProductItemAddIsOnPromo_18" />
	</span>

	
	<div class="controls push-half--bottom">
		<div class="grid grid--full grid--middle" data-bind="visible: quantity()" style="display:none">
            <div class="grid__item one-third text--left">
                <a href="#" class="btn btn--default item-product__overlay-btn js-ga-decrement" data-bind="click: decrement"><span class="item-product__overlay-btn-label item-product__overlay-minus"><span class="visuallyhidden">-</span></span></a>
            </div>
            <div class="grid__item one-third text--center">
                <label for="body_0_main_1_ProductSearch_GroceryBrowsing_TemplateResult_SearchResultListView_ctrl6_ctl00_18_AddToCartButton_18_TxtNumber_18" id="body_0_main_1_ProductSearch_GroceryBrowsing_TemplateResult_SearchResultListView_ctrl6_ctl00_18_AddToCartButton_18_TxtQtyLabel_18" class="accessibility">Quantity for:  Potato &amp; Cheese Perogies $3.49</label>
                <input name="body_0$main_1$ProductSearch$GroceryBrowsing$TemplateResult$SearchResultListView$ctrl6$ctl03$ctl00$AddToCartButton$TxtNumber" type="number" value="1" id="body_0_main_1_ProductSearch_GroceryBrowsing_TemplateResult_SearchResultListView_ctrl6_ctl00_18_AddToCartButton_18_TxtNumber_18" class="js-add-to-cart-quantity" data-bind="&#39;value&#39;: editedQuantity, &#39;valueUpdate&#39;: &#39;afterkeydown&#39;, &#39;enterkey&#39;: saveEditedQuantity, hasFocus: isBeingEdited, selectAllOnClick: true, event: { blur: saveEditedQuantity }" />
            </div>
            <div class="grid__item one-third text--right">
                <a href="#" class="btn btn--default item-product__overlay-btn js-ga-increment" data-bind="click: increment, css: {'is-disabled': isQuantityMaxed}"><span class="item-product__overlay-btn-label item-product__overlay-plus"><span class="visuallyhidden">+</span></span></a>
            </div>
		</div>
		<span class="control  control--fluid controls__add">
			<button data-bind="'click': saveEditedQuantity, visible: !quantity()" class="btn  btn--default  btn--full-width  relative">
				Add to Cart
			</button>
		</span>
	</div>
</div>


                    


<div class="grid grid--full grid--middle js-product-comment-add-to-list-box" style="display: none" data-bind="visible: quantity() && isCommentMustVisible()">
    <div class="grid__item three-quarters text--center">
        <a id="body_0_main_1_ProductSearch_GroceryBrowsing_TemplateResult_SearchResultListView_ctrl6_ctl00_18_AddToListButton_18_BtnAddToListCart_18" class="btn btn--hollow btn--full-width push-half--bottom relative item-product__add-to-list js-addtolist-cta" href="/my-account/login?item=%2fshop-online%2ffrozen" title="Add item to list" class="item-product__add-to-list  js-addtolist-cta" data-comment-hyperlink="1" style="font-size: 12px;">
            <span style="display:inline-block;position:relative;background:inherit;">
                <span class="icn icn-item-list-icon palm--hide"></span>&nbsp;
            </span>
    
            Add to List
            <span class="js-added-to-list-notification item-product__added-to-list-notification" style="display: none; margin-top: -1px;">
                    <span class="icon icon--check icon--medium text--valid push--top"></span>
                </span>
        </a>
    </div>
    <div class="grid__item one-quarter js-add-comment-product-btn text--right" data-bind="template: { afterRender: initAddToList }">

        <button class="btn btn--hollow item-product__overlay-btn js-add-comment-cta push-half--bottom relative" data-bind="css: { 'btn--dark': customerComment() != '' && customerComment() != null }, click: openComentPopup" title="Comment">
            <span class="item-product__overlay-btn-label"><span class="icn" data-bind="css: { 'icon-comment-bubble-filled': customerComment() != '' && customerComment() != null, 'icon-comment-bubble-empty ': customerComment() == '' || customerComment() == null }"></span></span>
        </button>
    </div>
</div>

<div data-bind="visible: !quantity() || !isCommentMustVisible()">
    <a id="body_0_main_1_ProductSearch_GroceryBrowsing_TemplateResult_SearchResultListView_ctrl6_ctl00_18_AddToListButton_18_BtnAddToList_18" class="btn btn--hollow btn--full-width push-half--bottom relative item-product__add-to-list js-addtolist-cta" data-bind="visible: !quantity() || !isCommentMustVisible()" href="/my-account/login?item=%2fshop-online%2ffrozen" title="Add item to list" class="item-product__add-to-list  js-addtolist-cta" data-comment-hyperlink="0">
        <span style="display:inline-block;position:relative;background:inherit;">
            <span class="icn icn-item-list-icon palm--hide"></span>&nbsp;
        </span>
    
        Add to List
            <span class="js-added-to-list-notification item-product__added-to-list-notification" style="display: none; margin-top: -1px;">
                <span class="icon icon--check icon--medium text--valid push--top"></span>
            </span>
    </a>
</div>

<input type="hidden" name="body_0$main_1$ProductSearch$GroceryBrowsing$TemplateResult$SearchResultListView$ctrl6$ctl03$ctl00$AddToListButton$HidCommentVisible" id="body_0_main_1_ProductSearch_GroceryBrowsing_TemplateResult_SearchResultListView_ctrl6_ctl00_18_AddToListButton_18_HidCommentVisible_18" value="1" />

                </div>
            </div>
        </div>
    </div>
</div>

        
	</div>
    
        <div id="body_0_main_1_ProductSearch_GroceryBrowsing_TemplateResult_SearchResultListView_ctrl6_ItemTemplatePanel_19" class="product-tile push--bottom grid__item slim palm--one-half portable--two-quarters desk--one-quarter">
		
            

<div class="item-product js-product js-equalized js-addtolist-container js-ga" data-product="{'ProductId':'00000_000000005621025420','BrandName':'Cavendish Farms','FullDisplayName':'Flavor Crisp Coated Straight Cut French Fries','IsAgeRequired':false,'SizeLabel':'','Size':'750 g','ProductUrl':'/product/french-friesflavor-crisp-coated-straight-cut/00000_000000005621025420','ProductImageUrl':'https://az836796.vo.msecnd.net/media/image/product/en/medium/0005621025420.jpg','HasNewPrice':false,'PromotionName':null,'RegularPrice':4.29000,'SalesPrice':null,'CustomerProductComment':null,'PopularityFactor':544.5}" data-bind="onceWith: products.createOrUpdate($element.getAttribute('data-product'))">
    <div class="popular-ribbon" data-bind="visible: popularityFactor() != null && popularityFactor() > 0" style="display: none">
        <span class="ribbon">
            Popular
        </span>
    </div>
    <div class="item-product" data-bind="css: { 'is-in-cart': quantity() }">
        <div class="grid">
            <div class="grid__item">
                <div class="media-overlay js-overlay-controls">
                    <a id="body_0_main_1_ProductSearch_GroceryBrowsing_TemplateResult_SearchResultListView_ctrl6_ctl00_19_ImageLink_19" tabindex="-1" title="Flavor Crisp Coated Straight Cut French Fries" class="js-ga-productimage" aria-hidden="true" role="presentation" href="/product/french-friesflavor-crisp-coated-straight-cut/00000_000000005621025420"><img id="body_0_main_1_ProductSearch_GroceryBrowsing_TemplateResult_SearchResultListView_ctrl6_ctl00_19_ProductImage_19" class="fluid" onerror="this.onerror=null; this.src=globalSettings.ProductImages.Small" role="presentation" src="https://az836796.vo.msecnd.net/media/image/product/en/small/0005621025420.jpg" /></a>
                    
                    
                    <div class="item-product__overlay item-product__overlay--full-height" data-bind="visible: quantity()" style="display: none;">
                        <div>
                            <span class="item-product__quantity js-product-quantity" data-bind="'text': quantity"></span>
                            In your cart
                        </div>
                    </div>
                </div>
            </div>
            <div class="grid__item">
                <div class="item-product__content push--top">
                    <div class="js-equalized-sub-item push-medium--bottom">
                        <div id="body_0_main_1_ProductSearch_GroceryBrowsing_TemplateResult_SearchResultListView_ctrl6_ctl00_19_BrandNameZone_19" class="item-product__brand push--top">
                            Cavendish Farms
                        </div>

                        <h3 class="h4-like">
                            <a id="body_0_main_1_ProductSearch_GroceryBrowsing_TemplateResult_SearchResultListView_ctrl6_ctl00_19_NavigateTo_19" class="js-ga-productname" aria-label="Flavor Crisp Coated Straight Cut French Fries" href="/product/french-friesflavor-crisp-coated-straight-cut/00000_000000005621025420">Flavor Crisp Coated Straight Cut French Fries</a>
                        </h3>


                        <div id="body_0_main_1_ProductSearch_GroceryBrowsing_TemplateResult_SearchResultListView_ctrl6_ctl00_19_SizeZone_19" class="item-product__info">
                                
                                

                                750 g
                            </div>
                    </div>
                    <div id="body_0_main_1_ProductSearch_GroceryBrowsing_TemplateResult_SearchResultListView_ctrl6_ctl00_19_ListOfPrices_19" class="item-product__prices js-equalized-sub-item2">
                        <div class="grid grid--middle">
                            


    <div class="grid__item">
        <div class="item-product__price push-medium--bottom">
            <span class="price text--strong" >$4.29</span>
        </div>
    </div>



                            
                                <div class="grid__item portable-up--three-fifths">
                                    <div class="item-product__info palm--hide">
                                        <div class="text--small">
                                            $0.57 / 100G
                                        </div>
                                    </div>
                                </div>
                            
                        </div>
                    </div>
                </div>

            </div>
            <div class="grid__item">
                <div class="item-product__controls push--bottom">
                    

<div class="add-to-cart js-add-to-cart js-using-cart js-tutorial-addtocart">
	<span class="feedback">
		Product added to cart
	</span>

	<span class="hidden js-product-id">
		<input type="hidden" name="body_0$main_1$ProductSearch$GroceryBrowsing$TemplateResult$SearchResultListView$ctrl6$ctl04$ctl00$AddToCartButton$FldProduct" id="body_0_main_1_ProductSearch_GroceryBrowsing_TemplateResult_SearchResultListView_ctrl6_ctl00_19_AddToCartButton_19_FldProduct_19" value="00000_000000005621025420" />
	</span>
	<span class="hidden js-product-name">
		<input type="hidden" name="body_0$main_1$ProductSearch$GroceryBrowsing$TemplateResult$SearchResultListView$ctrl6$ctl04$ctl00$AddToCartButton$FldProductName" id="body_0_main_1_ProductSearch_GroceryBrowsing_TemplateResult_SearchResultListView_ctrl6_ctl00_19_AddToCartButton_19_FldProductName_19" />
	</span>
	<span class="hidden js-product-price">
		<input type="hidden" name="body_0$main_1$ProductSearch$GroceryBrowsing$TemplateResult$SearchResultListView$ctrl6$ctl04$ctl00$AddToCartButton$FldProductPrice" id="body_0_main_1_ProductSearch_GroceryBrowsing_TemplateResult_SearchResultListView_ctrl6_ctl00_19_AddToCartButton_19_FldProductPrice_19" />
	</span>
    <span class="hidden js-product-isnewprice">
		<input type="hidden" name="body_0$main_1$ProductSearch$GroceryBrowsing$TemplateResult$SearchResultListView$ctrl6$ctl04$ctl00$AddToCartButton$FldProductIsNewPrice" id="body_0_main_1_ProductSearch_GroceryBrowsing_TemplateResult_SearchResultListView_ctrl6_ctl00_19_AddToCartButton_19_FldProductIsNewPrice_19" />
	</span>
    <span class="hidden js-product-isonsale">
		<input type="hidden" name="body_0$main_1$ProductSearch$GroceryBrowsing$TemplateResult$SearchResultListView$ctrl6$ctl04$ctl00$AddToCartButton$FldProductIsOnSale" id="body_0_main_1_ProductSearch_GroceryBrowsing_TemplateResult_SearchResultListView_ctrl6_ctl00_19_AddToCartButton_19_FldProductIsOnSale_19" />
	</span>
    <span class="hidden js-product-isonpromo">
		<input type="hidden" name="body_0$main_1$ProductSearch$GroceryBrowsing$TemplateResult$SearchResultListView$ctrl6$ctl04$ctl00$AddToCartButton$FldProductIsOnPromo" id="body_0_main_1_ProductSearch_GroceryBrowsing_TemplateResult_SearchResultListView_ctrl6_ctl00_19_AddToCartButton_19_FldProductIsOnPromo_19" />
	</span>
	<span class="hidden js-ga-addToCart">
		<input type="hidden" name="body_0$main_1$ProductSearch$GroceryBrowsing$TemplateResult$SearchResultListView$ctrl6$ctl04$ctl00$AddToCartButton$FldProductItemAddName" id="body_0_main_1_ProductSearch_GroceryBrowsing_TemplateResult_SearchResultListView_ctrl6_ctl00_19_AddToCartButton_19_FldProductItemAddName_19" />
		<input type="hidden" name="body_0$main_1$ProductSearch$GroceryBrowsing$TemplateResult$SearchResultListView$ctrl6$ctl04$ctl00$AddToCartButton$FldProductItemAddPrice" id="body_0_main_1_ProductSearch_GroceryBrowsing_TemplateResult_SearchResultListView_ctrl6_ctl00_19_AddToCartButton_19_FldProductItemAddPrice_19" />
        <input type="hidden" name="body_0$main_1$ProductSearch$GroceryBrowsing$TemplateResult$SearchResultListView$ctrl6$ctl04$ctl00$AddToCartButton$FldProductItemAddIsNewPrice" id="body_0_main_1_ProductSearch_GroceryBrowsing_TemplateResult_SearchResultListView_ctrl6_ctl00_19_AddToCartButton_19_FldProductItemAddIsNewPrice_19" />
        <input type="hidden" name="body_0$main_1$ProductSearch$GroceryBrowsing$TemplateResult$SearchResultListView$ctrl6$ctl04$ctl00$AddToCartButton$FldProductItemAddIsOnSale" id="body_0_main_1_ProductSearch_GroceryBrowsing_TemplateResult_SearchResultListView_ctrl6_ctl00_19_AddToCartButton_19_FldProductItemAddIsOnSale_19" />
        <input type="hidden" name="body_0$main_1$ProductSearch$GroceryBrowsing$TemplateResult$SearchResultListView$ctrl6$ctl04$ctl00$AddToCartButton$FldProductItemAddIsOnPromo" id="body_0_main_1_ProductSearch_GroceryBrowsing_TemplateResult_SearchResultListView_ctrl6_ctl00_19_AddToCartButton_19_FldProductItemAddIsOnPromo_19" />
	</span>

	
	<div class="controls push-half--bottom">
		<div class="grid grid--full grid--middle" data-bind="visible: quantity()" style="display:none">
            <div class="grid__item one-third text--left">
                <a href="#" class="btn btn--default item-product__overlay-btn js-ga-decrement" data-bind="click: decrement"><span class="item-product__overlay-btn-label item-product__overlay-minus"><span class="visuallyhidden">-</span></span></a>
            </div>
            <div class="grid__item one-third text--center">
                <label for="body_0_main_1_ProductSearch_GroceryBrowsing_TemplateResult_SearchResultListView_ctrl6_ctl00_19_AddToCartButton_19_TxtNumber_19" id="body_0_main_1_ProductSearch_GroceryBrowsing_TemplateResult_SearchResultListView_ctrl6_ctl00_19_AddToCartButton_19_TxtQtyLabel_19" class="accessibility">Quantity for:  Flavor Crisp Coated Straight Cut French Fries $4.29</label>
                <input name="body_0$main_1$ProductSearch$GroceryBrowsing$TemplateResult$SearchResultListView$ctrl6$ctl04$ctl00$AddToCartButton$TxtNumber" type="number" value="1" id="body_0_main_1_ProductSearch_GroceryBrowsing_TemplateResult_SearchResultListView_ctrl6_ctl00_19_AddToCartButton_19_TxtNumber_19" class="js-add-to-cart-quantity" data-bind="&#39;value&#39;: editedQuantity, &#39;valueUpdate&#39;: &#39;afterkeydown&#39;, &#39;enterkey&#39;: saveEditedQuantity, hasFocus: isBeingEdited, selectAllOnClick: true, event: { blur: saveEditedQuantity }" />
            </div>
            <div class="grid__item one-third text--right">
                <a href="#" class="btn btn--default item-product__overlay-btn js-ga-increment" data-bind="click: increment, css: {'is-disabled': isQuantityMaxed}"><span class="item-product__overlay-btn-label item-product__overlay-plus"><span class="visuallyhidden">+</span></span></a>
            </div>
		</div>
		<span class="control  control--fluid controls__add">
			<button data-bind="'click': saveEditedQuantity, visible: !quantity()" class="btn  btn--default  btn--full-width  relative">
				Add to Cart
			</button>
		</span>
	</div>
</div>


                    


<div class="grid grid--full grid--middle js-product-comment-add-to-list-box" style="display: none" data-bind="visible: quantity() && isCommentMustVisible()">
    <div class="grid__item three-quarters text--center">
        <a id="body_0_main_1_ProductSearch_GroceryBrowsing_TemplateResult_SearchResultListView_ctrl6_ctl00_19_AddToListButton_19_BtnAddToListCart_19" class="btn btn--hollow btn--full-width push-half--bottom relative item-product__add-to-list js-addtolist-cta" href="/my-account/login?item=%2fshop-online%2ffrozen" title="Add item to list" class="item-product__add-to-list  js-addtolist-cta" data-comment-hyperlink="1" style="font-size: 12px;">
            <span style="display:inline-block;position:relative;background:inherit;">
                <span class="icn icn-item-list-icon palm--hide"></span>&nbsp;
            </span>
    
            Add to List
            <span class="js-added-to-list-notification item-product__added-to-list-notification" style="display: none; margin-top: -1px;">
                    <span class="icon icon--check icon--medium text--valid push--top"></span>
                </span>
        </a>
    </div>
    <div class="grid__item one-quarter js-add-comment-product-btn text--right" data-bind="template: { afterRender: initAddToList }">

        <button class="btn btn--hollow item-product__overlay-btn js-add-comment-cta push-half--bottom relative" data-bind="css: { 'btn--dark': customerComment() != '' && customerComment() != null }, click: openComentPopup" title="Comment">
            <span class="item-product__overlay-btn-label"><span class="icn" data-bind="css: { 'icon-comment-bubble-filled': customerComment() != '' && customerComment() != null, 'icon-comment-bubble-empty ': customerComment() == '' || customerComment() == null }"></span></span>
        </button>
    </div>
</div>

<div data-bind="visible: !quantity() || !isCommentMustVisible()">
    <a id="body_0_main_1_ProductSearch_GroceryBrowsing_TemplateResult_SearchResultListView_ctrl6_ctl00_19_AddToListButton_19_BtnAddToList_19" class="btn btn--hollow btn--full-width push-half--bottom relative item-product__add-to-list js-addtolist-cta" data-bind="visible: !quantity() || !isCommentMustVisible()" href="/my-account/login?item=%2fshop-online%2ffrozen" title="Add item to list" class="item-product__add-to-list  js-addtolist-cta" data-comment-hyperlink="0">
        <span style="display:inline-block;position:relative;background:inherit;">
            <span class="icn icn-item-list-icon palm--hide"></span>&nbsp;
        </span>
    
        Add to List
            <span class="js-added-to-list-notification item-product__added-to-list-notification" style="display: none; margin-top: -1px;">
                <span class="icon icon--check icon--medium text--valid push--top"></span>
            </span>
    </a>
</div>

<input type="hidden" name="body_0$main_1$ProductSearch$GroceryBrowsing$TemplateResult$SearchResultListView$ctrl6$ctl04$ctl00$AddToListButton$HidCommentVisible" id="body_0_main_1_ProductSearch_GroceryBrowsing_TemplateResult_SearchResultListView_ctrl6_ctl00_19_AddToListButton_19_HidCommentVisible_19" value="1" />

                </div>
            </div>
        </div>
    </div>
</div>

        
	</div>
    
    
            </div>
        
</div>
    

<div class="search-controls push-medium--bottom">
    


<div class="pagination">
	<nav>
        <div class="grid grid--right">
            
	        <div class="grid__item portable-up--ten-twelfths text--right palm--text--center">
                <ul class="nav">
                    <li class="pagination__arrow">
                        <a id="body_0_main_1_ProductSearch_GroceryBrowsing_TemplateResult_PaginationBottom_FirstPageBtn" title="First Page" class="is-disabled icon--arrow-skinny-left-double"></a></li>
                    <li class="pagination__arrow pagination__arrow--left">
                        <a id="body_0_main_1_ProductSearch_GroceryBrowsing_TemplateResult_PaginationBottom_PreviousPageBtn" title="Previous Page" class="is-disabled icon--arrow-skinny-left"></a></li>
                    
                            <li>
                                <a id="body_0_main_1_ProductSearch_GroceryBrowsing_TemplateResult_PaginationBottom_PageRepeater_HyperLink1_0" class="is-active pagination__number">
                                    <span class="accessibility">Go to page</span>
                                    1</a>

                            </li>
                        
                            <li>
                                <a id="body_0_main_1_ProductSearch_GroceryBrowsing_TemplateResult_PaginationBottom_PageRepeater_HyperLink1_1" class=" pagination__number" href="/shop-online/frozen?page=2&amp;pageSize=20">
                                    <span class="accessibility">Go to page</span>
                                    2</a>

                            </li>
                        
                            <li>
                                <a id="body_0_main_1_ProductSearch_GroceryBrowsing_TemplateResult_PaginationBottom_PageRepeater_HyperLink1_2" class=" pagination__number" href="/shop-online/frozen?page=3&amp;pageSize=20">
                                    <span class="accessibility">Go to page</span>
                                    3</a>

                            </li>
                        
                    <li class="pagination__arrow pagination__arrow--right">
                        <a id="body_0_main_1_ProductSearch_GroceryBrowsing_TemplateResult_PaginationBottom_NextPageBtn" title="Next Page" class="icon--arrow-skinny-right" href="/shop-online/frozen?page=2&amp;pageSize=20"></a></li>
                    <li class="pagination__arrow">
                        <a id="body_0_main_1_ProductSearch_GroceryBrowsing_TemplateResult_PaginationBottom_LastPageBtn" title="Last Page" class="icon--arrow-skinny-right-double" href="/shop-online/frozen?page=35&amp;pageSize=20"></a></li>
                </ul>
            </div>
        </div>
    </nav>
</div>
</div>


                </div>
            </div>

            <div class="text--center">
                
            </div>
        </div>
    </div>
</div>

				</div>
			</section>

			
			

<footer class="main-footer">
    <div class="main-footer__header  push-large--bottom">
        <div class="restraint">
            <ul class="main-footer__header-menu">
                <li class="hard--left">
                    <a id="footer_0_HomeLink" class="logo--footer" href="/"><img id="footer_0_LargeLogoLink" class="palm--hide portable--hide" src="https://az870929.vo.msecnd.net/cdn/media/data/logos/thrifty_logo_footer.ashx" alt="Thrifty Foods" /><img id="footer_0_SmallLogoLink" class="desk--hide" src="https://az870929.vo.msecnd.net/cdn/media/data/logos/thrifty_logo_footer.ashx" alt="Thrifty Foods" /></a>
                </li>
                <li class="newsletter-wrapper">
                    <ul>
                        <li class="hard--sides">
                            <label for="footer_0_NewsletterEmailField" id="footer_0_NewsletterEmailLabel" class="form__label">Newsletter Signup</label></li>
                        <li class="newsletter">
                            <div class="search-box  form-field  flush--bottom">
                                <div class="footer-search-box__input">
                                    <input name="footer_0$NewsletterEmailField" type="text" maxlength="100" id="footer_0_NewsletterEmailField" class="footer-search-field  input" data-parsley-type="email" data-parsley-group="footerNewsletterEmail" data-parsley-required="true" placeholder="Your Email Address" data-parsley-pattern="^(([\w-]+\.)+[\w-]+|([a-zA-Z]{1}|[\w-]{2,}))@((([0-1]?[0-9]{1,2}|25[0-5]|2[0-4][0-9])\.([0-1]?[0-9]{1,2}|25[0-5]|2[0-4][0-9])\.([0-1]?[0-9]{1,2}|25[0-5]|2[0-4][0-9])\.([0-1]?[0-9]{1,2}|25[0-5]|2[0-4][0-9])){1}|([a-zA-Z0-9]+[\w-]+\.)+[a-zA-Z]{2,14})$" />
                                    <div data-message="invalid-email-format-error" class="error-message  push-half--top  text--important flush">
                                        <div class="push-half--top">
                                            <span class="icon  icon--error"></span>
                                            Email is not valid.
                                        </div>
                                    </div>
                                    <a id="footer_0_SubscriptionLink" class="search-box__button  js-submit" data-validate-group="footerNewsletterEmail" href="javascript:__doPostBack(&#39;footer_0$SubscriptionLink&#39;,&#39;&#39;)">
                                        <span class="icon icon--mail"></span>
                                    </a>
                                </div>
                            </div>
                        </li>
                    </ul>
                </li>
                <li class="social-wrapper">
                    
                            <div class="social-share v-middle">
                                
                            <a id="footer_0_SocialLinks_SocialLinkControl_0_Link_0" title="Facebook" class="js-gtm-footer-link" href="https://www.facebook.com/ThriftyFoods" target="_blank"><img id="footer_0_SocialLinks_SocialLinkControl_0_Image_0" src="https://az870929.vo.msecnd.net/cdn/media/data/icons/footer-sprites/facebook.ashx" alt="Facebook" />
    <span class="accessibility">
        <span id="footer_0_SocialLinks_SocialLinkControl_0_Title_0">Facebook</span>
    </span>
</a>
                        
                            <a id="footer_0_SocialLinks_SocialLinkControl_1_Link_1" title="Twitter" class="js-gtm-footer-link" href="https://twitter.com/thriftyfoods" target="_blank"><img id="footer_0_SocialLinks_SocialLinkControl_1_Image_1" src="https://az870929.vo.msecnd.net/cdn/media/data/icons/footer-sprites/twitter.ashx" alt="Twitter" />
    <span class="accessibility">
        <span id="footer_0_SocialLinks_SocialLinkControl_1_Title_1">Twitter</span>
    </span>
</a>
                        
                            <a id="footer_0_SocialLinks_SocialLinkControl_2_Link_2" title="Youtube" class="js-gtm-footer-link" href="https://www.youtube.com/user/ThriftyFoods" target="_blank"><img id="footer_0_SocialLinks_SocialLinkControl_2_Image_2" src="https://az870929.vo.msecnd.net/cdn/media/data/icons/footer-sprites/youtube.ashx" alt="Youtube" />
    <span class="accessibility">
        <span id="footer_0_SocialLinks_SocialLinkControl_2_Title_2">Youtube</span>
    </span>
</a>
                        
                            <a id="footer_0_SocialLinks_SocialLinkControl_3_Link_3" title="Instagram" class="js-gtm-footer-link" href="https://www.instagram.com/thriftyfoods/" target="_blank"><img id="footer_0_SocialLinks_SocialLinkControl_3_Image_3" src="https://az870929.vo.msecnd.net/cdn/media/data/icons/footer-sprites/instagram.ashx" alt="Instagram" />
    <span class="accessibility">
        <span id="footer_0_SocialLinks_SocialLinkControl_3_Title_3">Instagram</span>
    </span>
</a>
                        
                            <a id="footer_0_SocialLinks_SocialLinkControl_4_Link_4" title="Pinterest" class="js-gtm-footer-link" href="https://www.pinterest.com/thriftyfoods/" target="_blank"><img id="footer_0_SocialLinks_SocialLinkControl_4_Image_4" src="https://az870929.vo.msecnd.net/cdn/media/data/icons/footer-sprites/pinterest.ashx" alt="Pinterest" />
    <span class="accessibility">
        <span id="footer_0_SocialLinks_SocialLinkControl_4_Title_4">Pinterest</span>
    </span>
</a>
                        
                            </div>
                        
                </li>
                <li>
                    
                            
                            <a id="footer_0_ThriftyTopRightLinks_Link_0" class="main-footer__link" href="/career">Careers</a>
                        
                            <a id="footer_0_ThriftyTopRightLinks_Link_1" class="main-footer__link" href="/contact">Contact Us</a>
                        
                        
                </li>
            </ul>
        </div>
    </div>

    <div class="section__content main-content">
        <div class="palm--soft--sides">
            <nav class="grid  main-footer__links">
                
                        
                        

<div class="grid__item  portable--one-third  desk--one-sixth">
    <ul class="nav nav--stacked js-ga-footer-links  soft--bottom">
        <li>
            <h3 class="nav--stacked__title push-medium--bottom">
                Shop Online
            </h3>
        </li>
        
                
                <li>
                    <a id="footer_0_LinkCategories_LinkCategoryControl_0_Links_0_Link_0" class="js-gtm-footer-link" href="/shop-online">Shop Online</a></li>
            
                <li>
                    <a id="footer_0_LinkCategories_LinkCategoryControl_0_Links_0_Link_1" title="Reserve &amp; Pickup Party Platters" class="js-gtm-footer-link" href="http://pickup.thriftyfoods.com/" target="_blank">Shop Entertaining Trays</a></li>
            
                <li>
                    <a id="footer_0_LinkCategories_LinkCategoryControl_0_Links_0_Link_2" class="js-gtm-footer-link" href="/our-services/flowers-,-a-,-more">Shop Floral</a></li>
            
                <li>
                    <a id="footer_0_LinkCategories_LinkCategoryControl_0_Links_0_Link_3" class="js-gtm-footer-link" href="/our-services/mobile-app">Mobile App</a></li>
            
                <li>
                    <a id="footer_0_LinkCategories_LinkCategoryControl_0_Links_0_Link_4" class="js-gtm-footer-link" href="/pharmacy-and-wellness/pharmacy/pharmacy-mobile-app">Pharmacy App</a></li>
            
            
    </ul>
</div>
                    
                        

<div class="grid__item  portable--one-third  desk--one-sixth">
    <ul class="nav nav--stacked js-ga-footer-links  soft--bottom">
        <li>
            <h3 class="nav--stacked__title push-medium--bottom">
                Quick Links
            </h3>
        </li>
        
                
                <li>
                    <a id="footer_0_LinkCategories_LinkCategoryControl_1_Links_1_Link_0" class="js-gtm-footer-link" href="/my-account/login">Log In</a></li>
            
                <li>
                    <a id="footer_0_LinkCategories_LinkCategoryControl_1_Links_1_Link_1" class="js-gtm-footer-link" href="/weekly-flyer">Weekly Flyer</a></li>
            
                <li>
                    <a id="footer_0_LinkCategories_LinkCategoryControl_1_Links_1_Link_2" class="js-gtm-footer-link" href="/find-a-store">Find A Store</a></li>
            
                <li>
                    <a id="footer_0_LinkCategories_LinkCategoryControl_1_Links_1_Link_3" class="js-gtm-footer-link" href="/recipes">Recipes</a></li>
            
                <li>
                    <a id="footer_0_LinkCategories_LinkCategoryControl_1_Links_1_Link_4" class="js-gtm-footer-link" href="/our-services">Our Services</a></li>
            
                <li>
                    <a id="footer_0_LinkCategories_LinkCategoryControl_1_Links_1_Link_5" class="js-gtm-footer-link" href="/pharmacy-and-wellness/pharmacy">Pharmacy</a></li>
            
                <li>
                    <a id="footer_0_LinkCategories_LinkCategoryControl_1_Links_1_Link_6" class="js-gtm-footer-link" href="/our-services/gift-cards-,-a-,-baskets">Gift Cards</a></li>
            
            
    </ul>
</div>
                    
                        

<div class="grid__item  portable--one-third  desk--one-sixth">
    <ul class="nav nav--stacked js-ga-footer-links  soft--bottom">
        <li>
            <h3 class="nav--stacked__title push-medium--bottom">
                Careers
            </h3>
        </li>
        
                
                <li>
                    <a id="footer_0_LinkCategories_LinkCategoryControl_2_Links_2_Link_0" title="Application Form" class="js-gtm-footer-link" href="https://az870929.vo.msecnd.net/cdn/media/home/careers/tfemployeeapplicationform2017.ashx" target="_blank">Application Form</a></li>
            
                <li>
                    <a id="footer_0_LinkCategories_LinkCategoryControl_2_Links_2_Link_1" title="Jobs In Stores" class="js-gtm-footer-link" href="https://jobs.sobeyscareers.com/search/?q=thrifty+foods&amp;q2=&amp;locationsearch=&amp;title=&amp;location=&amp;facility=Thrifty+Foods" target="_blank">Jobs In Stores</a></li>
            
                <li>
                    <a id="footer_0_LinkCategories_LinkCategoryControl_2_Links_2_Link_2" title="Office Job Postings" class="js-gtm-footer-link" href="https://jobs.sobeyscareers.com/go/Corporate-Jobs/7962200/" target="_blank">Office Job Postings</a></li>
            
                <li>
                    <a id="footer_0_LinkCategories_LinkCategoryControl_2_Links_2_Link_3" title="Employee Website" class="js-gtm-footer-link" href="https://jobs.sobeyscareers.com/" target="_blank">Employee Website</a></li>
            
            
    </ul>
</div>
                    
                        

<div class="grid__item  portable--one-third  desk--one-sixth">
    <ul class="nav nav--stacked js-ga-footer-links  soft--bottom">
        <li>
            <h3 class="nav--stacked__title push-medium--bottom">
                About Thrifty Foods
            </h3>
        </li>
        
                
                <li>
                    <a id="footer_0_LinkCategories_LinkCategoryControl_3_Links_3_Link_0" class="js-gtm-footer-link" href="/about-us">About Us</a></li>
            
                <li>
                    <a id="footer_0_LinkCategories_LinkCategoryControl_3_Links_3_Link_1" class="js-gtm-footer-link" href="/community">Community</a></li>
            
                <li>
                    <a id="footer_0_LinkCategories_LinkCategoryControl_3_Links_3_Link_2" class="js-gtm-footer-link" href="/community/sendial">Sendial</a></li>
            
                <li>
                    <a id="footer_0_LinkCategories_LinkCategoryControl_3_Links_3_Link_3" class="js-gtm-footer-link" href="/about-us/products-we-love">Products We Love</a></li>
            
                <li>
                    <a id="footer_0_LinkCategories_LinkCategoryControl_3_Links_3_Link_4" class="js-gtm-footer-link" href="/community/sponsorships-and-donations">Donations</a></li>
            
                <li>
                    <a id="footer_0_LinkCategories_LinkCategoryControl_3_Links_3_Link_5" class="js-gtm-footer-link" href="/about-us/media-room">Press Room</a></li>
            
            
    </ul>
</div>
                    
                        

<div class="grid__item  portable--one-third  desk--one-sixth">
    <ul class="nav nav--stacked js-ga-footer-links  soft--bottom">
        <li>
            <h3 class="nav--stacked__title push-medium--bottom">
                Customer Service
            </h3>
        </li>
        
                
                <li>
                    <a id="footer_0_LinkCategories_LinkCategoryControl_4_Links_4_Link_0" class="js-gtm-footer-link" href="/contact">Contact Us</a></li>
            
                <li>
                    <a id="footer_0_LinkCategories_LinkCategoryControl_4_Links_4_Link_1" class="js-gtm-footer-link" href="/utilities/faq">FAQ</a></li>
            
                <li>
                    <a id="footer_0_LinkCategories_LinkCategoryControl_4_Links_4_Link_2" class="js-gtm-footer-link" href="/utilities/privacy-policy">Privacy</a></li>
            
                <li>
                    <a id="footer_0_LinkCategories_LinkCategoryControl_4_Links_4_Link_3" title="Terms of Use" class="js-gtm-footer-link" href="/utilities/terms-of-use">Terms of Use</a></li>
            
                <li>
                    <a id="footer_0_LinkCategories_LinkCategoryControl_4_Links_4_Link_4" class="js-gtm-footer-link" href="/utilities/recalls">Recalls</a></li>
            
            
    </ul>
</div>
                    
                    

                <span class="grid__item  main-footer__copyright text--smaller footnotes">
                    Copyright © 2020 Sobeys Inc. &nbsp;<!-- Facebook Pixel Code --><script>!function(f,b,e,v,n,t,s){if(f.fbq)return;n=f.fbq=function(){n.callMethod?n.callMethod.apply(n,arguments):n.queue.push(arguments)};if(!f._fbq)f._fbq=n;n.push=n;n.loaded=!0;n.version='2.0';n.queue=[];t=b.createElement(e);t.async=!0;t.src=v;s=b.getElementsByTagName(e)[0];s.parentNode.insertBefore(t,s)}(window,document,'script','https://connect.facebook.net/en_US/fbevents.js');fbq('init', '532822863718817'); fbq('track', 'PageView');</script><noscript><img height="1" width="1" src="https://www.facebook.com/tr?id=532822863718817&ev=PageView&noscript=1"/></noscript><!-- End Facebook Pixel Code -->
                    
                </span>
            </nav>

        </div>
    </div>
</footer>

		</div>

		<div id="pop-ins">
			<div id="modal" class="modal js-modal modal-template" aria-hidden="true">
				<div class="modal__inner--no-background refiner">
					<div class="js-online-grocery-store-selector-modal  push--top">
						<input type="hidden" name="MyStoreSidebar$GoogleAPIKeyQueryString" id="MyStoreSidebar_GoogleAPIKeyQueryString" value="key=AIzaSyCBf4XYoOgcFlVXBmzJdcqwpv-_oxmRdQU" />
<div data-bind="'visible': true, 'with': mvStoreSelector" data-url="" class="js-online-grocery-store-selector opacity-transition relative card desk--push-medium--bottom ">
    <div data-bind="'css': { 'is-loading': isLoading }">
        
        <div id="MyStoreSidebar_Screen1Panel">
	

            <div class="text--center modal__fulfillment_title soft refiner">

                <div class="js-accessibility-hide push--bottom">
                    <strong>
                        To ensure accurate product availability and pricing, please choose your store
                    </strong>
                </div>
                
                <span class="accessibility js-accessibility-show" aria-hidden="true" role="presentation">&hArr;</span>
                <div class="accessibility js-accessibility-show" tabindex="-1" aria-hidden="true" role="presentation">
                    To ensure accurate product availability and pricing, please choose your store
                </div>

                <p data-bind="'visible': ServiceError">
                    <strong class="text--important" data-bind="'text': ServiceError"></strong>
                </p>
                <div class="grid grid--middle grid--full store-locator__search-controls">
                    <div class="form-field flush hard">
                        <div class="input-group input-group--bordered form-field flush js-side-bar-postal-code">
                            <input maxlength="7" type="text" id="MyStoreSideBarPostalCode" data-parsley-group="my-store-sidebar-form" data-mask="S0S 0S0"
                                data-parsley-pattern="^[a-zA-Z]\d[a-zA-Z]\s?\d[a-zA-Z]\d|[a-zA-Z]\d[a-zA-Z]\s?$" data-parsley-required="true" autocomplete="off"
                                class="input-group__text-input js-sl-search-input" placeholder="Search Postal Code"
                                data-bind="'initializeValue': postalCode, 'value': postalCode, 'valueUpdate': 'keyup', 'onEnter': submitPostalCode" data-parsley-minlength="7"
                                data-sobeys-url="/find-a-store" aria-labelledby="Search Postal Code" />

                            <span class="text--normal text--left input-group__error-message  error-message  text--important">
                                <span class="icon  icon--error"></span>
                                <span>
                                    Invalid data
                                </span>
                            </span>

                            <span class="input-group__btn">
                                <a id="MyStoreSideBarSearch" class="search-box__button btn btn--default" href="#">
                                    <span class="icon  icon--search"></span>
                                    <span class="accessibility">
                                        Find your store
                                    </span>
                                </a>
                            </span>
                        </div>
                    </div>
                </div>
                <div class="push--top">
                    <input id="MyStoreSideBarMyPosition" class="btn btn--hollow full" type="button" value="Find my location" data-sobeys-url="/find-a-store" />
                </div>
                
                <div id="MyStoreSidebar_Screen1LogInPart">
		
                    <div class="soft--ends">
                        <div class="text--line-behind  text--center">
                            <span class="whitebg">Or</span>
                        </div>
                    </div>
                    <div>
                        <strong>
                            Please log in or create an account to reserve your timeslot
                        </strong>

                    </div>

                    <div class="push--top">
                        <a id="MyStoreSidebar_SignInLnk" class="btn btn--hollow full" href="/my-account/login?item=%2fshop-online%2ffrozen">Sign In</a>
                    </div>
                    <div class="push--top">
                        <a id="MyStoreSidebar_CreateAccountLnk" class="btn btn--hollow full" href="/my-account/create/1_basicinfo">Create an Account</a>
                    </div>

                
	</div>
                <div class="push--top">
                    <div class="btn btn--hollow full js-close-modal">
                        Not now
                    </div>
                </div>

            </div>
        
</div>
        <div id="MyStoreSidebar_Screen3Panel" class="card" data-bind="&#39;visible&#39;: currentStep() == &#39;store&#39;" style="display: none">
	
            <div class="aside-box__padded card__header">
                <h3 class="h4-like text--contrast inline-block">
                    <span data-bind="'if': StoreData() && StoreData().Method() == 1">
                        <span>Delivery</span>
                    </span>
                    <span data-bind="'if': StoreData() && StoreData().Method() == 2">
                        <span>Pickup</span>
                    </span>
                </h3>
            </div>
            <div class="aside-box__border-soft">
                <div class="aside-box__padded aside-box__border-soft text--small">
                    
                    <div data-bind="'if': dataReady()">
                        <div class="push-half--bottom" data-bind="'if': StoreData() && StoreData().Url()">
                            <strong><a href="#" data-bind="'attr': { 'href': StoreData().Url }, 'text': StoreData().Name" class="h5-like"></a></strong>
                        </div>

                        <div data-bind="'if': StoreData() && StoreData().FullAddress() ">
                            <div data-bind="'text': StoreData().FullAddress"></div>
                        </div>

                        
                        <div class="push-half--bottom" data-bind="'if': StoreData() && StoreData().PhoneNumber() ">
                            <div data-bind="'text': StoreData().PhoneNumber"></div>
                        </div>

                        <div data-bind="'if': ServiceError">
                            <strong class="text--important" data-bind="'text': ServiceError"></strong>
                        </div>
                         <div data-bind="'if': StoreData()">
                        <span class="text--smaller text--brand">
                            <a id="MyStoreSidebar_ChangeStoreLnk" class="cta" href="/utilities/store-and-time-slot-selector?item=%2fshop-online%2ffrozen">Change</a>
                        </span>
                    </div>
                        <div data-bind="'if': ServiceError">
                            <span class="text--smaller text--brand">
                                <a class="cta" data-bind="&#39;click&#39;: setMethod.bind($data, &#39;method&#39;)">Cancel</a>
                            </span>
                        </div>

                        <hr class="small">
                        <div data-bind="'if': StoreData() && StoreData().OpeningHours()">
                            <span data-bind="'text': StoreData().OpeningHours"></span>
                        </div>
                        <hr class="small">

                        <div data-bind="'if': StoreData()">
                            <div data-bind="'if': StoreData() && StoreData().Method() == 1">
                                <p>
                                    <!-- method 1 -->
                                    <strong class="push--bottom h5-like">
                                        Delivery Schedule
                                    </strong>
                                </p>
                            </div>
                            <div data-bind="'if': StoreData() && StoreData().Method() == 2">
                                <p>
                                    <!-- method 2 -->
                                    <strong class="push--bottom h5-like">
                                        Pickup Schedule
                                    </strong>
                                </p>
                            </div>

                            <!-- IsTimeSlotIsSet == false -->
                            <div data-bind="'if': StoreData() && StoreData().IsTimeslotSet() == false">
                                <p>
                                    <a id="MyStoreSidebar_BookTimeslotLnk" class="btn  btn--hollow btn--full-width" href="/utilities/store-and-time-slot-selector?item=%2fshop-online%2ffrozen">Book a time slot</a>
                                </p>
                            </div>

                            <div data-bind="'if': StoreData() && StoreData().IsTimeslotSet()">
                                <!-- IsTimeSlotIsSet -->
                                <!-- Replace by data received from query. -->
                                <p class="flush" data-bind="'text': StoreData().TimeslotDate"></p>
                                <p class="flush" data-bind="'text': StoreData().TimeslotTime"></p>
                                <a id="MyStoreSidebar_ChangeTimeslotLnk" class="btn  btn--hollow btn--full-width push-medium--ends" href="/utilities/store-and-time-slot-selector?item=%2fshop-online%2ffrozen">Change</a>
                            </div>
                        </div>
                    </div>
                </div>
            </div>
        
</div>
    </div>
</div>

					</div>

					<div class="text--right modal__close--override">
						<a href="#" class="js-close-modal">
							<span>
								<span class="icon icon--error" aria-hidden="true"></span>
								<span class="accessibility">Close dialog</span>
							</span>
						</a>
					</div>
				</div>
			</div>
			<div id="modal-image" class="modal modal--image js-modal is-loading">
				<div class="modal__inner modal__inner--no-background">
					<div class="text--right modal__close">
						<a href="#" class="js-close-modal">
							<span><span class="icon icon--large icon--error" aria-hidden="true"></span>
								<span class="accessibility">Close dialog</span></span>
						</a>
					</div>
					<div class="js-modal-content text--center  text--contrast">
					</div>
				</div>
			</div>
		</div>
		<div class="modal-holder js-modal-holder">
			<div></div>
		</div>
		
		


<script type="text/html" class="js-add-item-list-template">
    <div class="item-list-popup js-item-list-popup">
        <div class="is-loading hidden"></div>
        <div class="card  palm-sized">
            <div class="card__header h4-like soft-half--ends">
                <div class="grid">
                    <div class="grid__item  fourteen-sixteenths">
                        Add item to list
                    </div>
                    <div class="grid__item two-sixteenths  text--right">
                        <a href="#" class="js-list-close"><span><span class="icon  icon--error" aria-hidden="true" role="presentation"></span><span class="accessibility">Close dialog</span></span></a>
                    </div>
                </div>
            </div>
            <div class="card__body">
                <div id="AddToShoppingListControl_ExistingListPanel" class="js-list-existing-panel hidden">
	
                    <div class="form-field">
                        <label for="availableShoppingListsSelect">Choose an existing list</label>
                        <select class="input--full js-list-existing-list" id="availableShoppingListsSelect">
                            
                        </select>
                    </div>
                    <div class="form-field  text--right">
                        <span class="text--important text--small js-confirmation-add-msg card__feedback push--right">
                        Your changes have been successfully saved.

                        </span>
                        <a class="btn  btn--hollow js-list-close" href="#">Cancel</a>
                        <a class="btn  btn--default js-list-add js-ga-shoppinglist-add" href="#">Add</a>
                    </div>
                    <div class="soft-half--top  text--center">
                        <div class="text--line-behind">
                            <span>Or</span>
                        </div>
                    </div>
                
</div>
                
                <div class="form-field">
                    <label for="AddToShoppingListControl_TxtCreateNewList" for="txtCreateNewList">Create a list</label>
                    <input name="AddToShoppingListControl$TxtCreateNewList" type="text" id="AddToShoppingListControl_TxtCreateNewList" class="input--full input js-list-create-name" maxlength="255" data-parsley-required="true" data-parsley-group="create-new-list" placeholder="Enter a name" />
                    <span class="error-message text--important icon icon--error">
                        Please enter a name
                    </span>
                </div>
                <div class="form-field  text--right">
                    <span class="error-message  text-small  js-error-messages"></span>

                    <span class="text--important text--small js-confirmation-create-msg card__feedback push--right">
                        Your changes have been successfully saved.    
                    </span>
                    <a class="btn  btn--hollow js-tooltip-close js-list-close" href="#">Cancel</a>

                    <a class="btn  btn--default js-list-create  js-submit" href="#" data-validate-group="create-new-list">Create</a>
                </div>
            </div>
        </div>
    </div>
</script>





		

<script type="template/html" class="js-confirm-popup-template">
    <div class="popup  js-confirm-popup">
        <div class="popup__mask  popup__mask--light"></div>
        <div class="popup__content  js-transform-center">
            <p class="js-confirm-custom-msg">Are you sure you want to remove this recipe?</p>
            <a href="#" class="btn  btn--hollow   js-popup-close-cta">
                Cancel
            </a>
            <a href="#" class="btn  btn--default  js-popup-confirm-cta">
                Delete
            </a>
        </div>
    </div>
</script>



	</form>

	
	<script>
		var globalSettings = {"PageSettings":{},"ApiEndpoints":{"ItemAction_publish":"/api/en/ItemAction/Publish/{id}?source={source}","ItemAction_unpublish":"/api/en/ItemAction/UnPublish/{id}?source={source}","ItemAction_exists":"/api/en/ItemAction/Exists/{id}?source={source}","ItemAction_defaultaction":"/api/en/ItemAction/DefaultAction","Localization_localizeddomains":"/api/en/Localization/localizeddomains?Capacity={Capacity}&Item={Item}","OptimalPaymentRedirect_saveandredirect":"/api/en/OptimalPaymentRedirect/SaveAndRedirect","OptimalPaymentRedirect_success":"/api/en/OptimalPaymentRedirect/Success","AnalyticsProfiles_get":"/api/en/AnalyticsProfiles/Get?profileId={profileId}","AnalyticsProfiles_getpatterncardimage":"/api/en/AnalyticsProfiles/GetPatternCardImage?patternId={patternId}&w={w}&h={h}","AnalyticsProfiles_getpatterncard":"/api/en/AnalyticsProfiles/GetPatternCard?patternId={patternId}","AnalyticsProfiles_post":"/api/en/AnalyticsProfiles/Post","AnalyticsProfiles_put":"/api/en/AnalyticsProfiles/Put/{id}","AnalyticsProfiles_delete":"/api/en/AnalyticsProfiles/Delete/{id}","Paths_defaultaction":"/api/en/Paths/DefaultAction?ItemId={ItemId}&TreeDefinitionId={TreeDefinitionId}&StartDate={StartDate}&EndDate={EndDate}","Import_importcontactsfrommedialibraryandcreatelist":"/api/en/Import/ImportContactsFromMediaLibraryAndCreateList/{id}","Import_importcontactsfrommedialibrary":"/api/en/Import/ImportContactsFromMediaLibrary/{id}","Import_getcontactfileheaders":"/api/en/Import/GetContactFileHeaders/{id}","Import_removemedia":"/api/en/Import/RemoveMedia/{id}","ItemService_getitembycontentpath":"/api/en/ItemService/GetItemByContentPath?Path={Path}&Database={Database}&Version={Version}&IncludeMetadata={IncludeMetadata}&IncludeStandardTemplateFields={IncludeStandardTemplateFields}&Fields={Fields}","ItemService_defaultaction":"/api/en/ItemService/DefaultAction/{Id}?Database={Database}&Version={Version}&IncludeMetadata={IncludeMetadata}&IncludeStandardTemplateFields={IncludeStandardTemplateFields}&Fields={Fields}","ItemService_getchildren":"/api/en/ItemService/GetChildren/{Id}?Database={Database}&Version={Version}&IncludeStandardTemplateFields={IncludeStandardTemplateFields}&Fields={Fields}","ItemService_queryviaitem":"/api/en/ItemService/QueryViaItem/{id}?includeStandardTemplateFields={includeStandardTemplateFields}&fields={fields}&page={page}&pageSize={pageSize}&database={database}&version={version}","ItemService_search":"/api/en/ItemService/Search?term={term}&includeStandardTemplateFields={includeStandardTemplateFields}&fields={fields}&page={page}&pageSize={pageSize}&database={database}&sorting={sorting}&facet={facet}","ItemService_searchviaitem":"/api/en/ItemService/SearchViaItem/{Id}?Database={Database}&Term={Term}&Page={Page}&PageSize={PageSize}","Orders_getorderdetailsurl":"/api/en/Orders/getorderdetailsurl?orderId={orderId}","Identity_login":"/api/en/Identity/login","Identity_sociallogin":"/api/en/Identity/sociallogin","Identity_validate":"/api/en/Identity/validate","Identity_link":"/api/en/Identity/link","Identity_create":"/api/en/Identity/create","Intel_get":"/api/en/Intel/Get/{id}?contactId={contactId}&viewId={viewId}","RemoteTree_defaultaction":"/api/en/RemoteTree/DefaultAction/{id}?start={start}&end={end}","Tree_defaultaction":"/api/en/Tree/DefaultAction?TreeDefinitionId={TreeDefinitionId}&StartDate={StartDate}&EndDate={EndDate}","RemoteTreeDefinition_create":"/api/en/RemoteTreeDefinition/Create","RemoteTreeDefinition_delete":"/api/en/RemoteTreeDefinition/Delete/{id}","RemoteTreeDefinition_exists":"/api/en/RemoteTreeDefinition/Exists/{id}","RemoteTreeDefinition_defaultaction":"/api/en/RemoteTreeDefinition/DefaultAction/{id}","RemoteTreeDefinition_getalldefinitions":"/api/en/RemoteTreeDefinition/GetAllDefinitions","RemoteTreeDefinition_getalldefinitionids":"/api/en/RemoteTreeDefinition/GetAllDefinitionIds","PageMatcher_pagematchers":"/api/en/PageMatcher/PageMatchers?domainId={domainId}&pageUrl={pageUrl}","PageMatcher_deployedcampaigns":"/api/en/PageMatcher/DeployedCampaigns","PageMatcher_deployedgoals":"/api/en/PageMatcher/DeployedGoals","PageMatcher_deployedevents":"/api/en/PageMatcher/DeployedEvents","PageMatcher_defaultaction":"/api/en/PageMatcher/DefaultAction","Tutorial_setviewed":"/api/en/Tutorial/setviewed","FlyerShoppingList_getlist":"/api/en/FlyerShoppingList/getList","FlyerShoppingList_updatequantity":"/api/en/FlyerShoppingList/updateQuantity","FlyerShoppingList_addproduct":"/api/en/FlyerShoppingList/addProduct","FlyerShoppingList_addkeywords":"/api/en/FlyerShoppingList/addKeywords","FlyerShoppingList_deleteitems":"/api/en/FlyerShoppingList/deleteItems","Flyer_flyerpages":"/api/en/Flyer/flyerpages?date={date}","Flyer_getlastpricingperiodfirstday":"/api/en/Flyer/GetLastPricingPeriodFirstDay?start={start}","Flyer_getpricingperiodtext":"/api/en/Flyer/getPricingPeriodText","Explorer_dictionary":"/api/en/Explorer/dictionary","Explorer_tree":"/api/en/Explorer/tree?TreeDefinitionId={TreeDefinitionId}&StartDate={StartDate}&EndDate={EndDate}","Explorer_reports":"/api/en/Explorer/reports?TreeDefinitionId={TreeDefinitionId}&StartDate={StartDate}&EndDate={EndDate}","Explorer_loaduseremail":"/api/en/Explorer/LoadUserEmail","Explorer_loadusersettings":"/api/en/Explorer/LoadUserSettings","Explorer_saveusersettings":"/api/en/Explorer/SaveUserSettings","Explorer_defaultaction":"/api/en/Explorer/DefaultAction?TreeDefinitionId={TreeDefinitionId}&StartDate={StartDate}&EndDate={EndDate}","RemoteAdmin_rebuildalldeployedmaps":"/api/en/RemoteAdmin/RebuildAllDeployedMaps","RemoteAdmin_runnewmapagent":"/api/en/RemoteAdmin/RunNewMapAgent","RemoteAdmin_rundailymapagent":"/api/en/RemoteAdmin/RunDailyMapAgent?endDate={endDate}","RemoteAdmin_properties":"/api/en/RemoteAdmin/Properties","SegmentedList_defaultaction":"/api/en/SegmentedList/DefaultAction","ConsumerAddress_addresses":"/api/en/ConsumerAddress/addresses","ConsumerAddress_add":"/api/en/ConsumerAddress/add","ConsumerAddress_update":"/api/en/ConsumerAddress/update","ConsumerAddress_setasdefault":"/api/en/ConsumerAddress/setasdefault","ConsumerAddress_delete":"/api/en/ConsumerAddress/delete","TwitterData_defaultaction":"/api/en/TwitterData/DefaultAction","Store_get":"/api/en/Store/get?bannerMaxWidth={bannerMaxWidth}&bannerMaxHeight={bannerMaxHeight}","Store_neareststore":"/api/en/Store/neareststore?Longitude={Longitude}&Latitude={Latitude}","Store_storesfrompostalcode":"/api/en/Store/storesFromPostalCode","Store_storesfromaddress":"/api/en/Store/storesFromAddress","Store_getbyaddress":"/api/en/Store/getByAddress?bannerMaxWidth={bannerMaxWidth}&bannerMaxHeight={bannerMaxHeight}","Store_getdeliverystore":"/api/en/Store/GetDeliveryStore?Longitude={Longitude}&Latitude={Latitude}&postalCode={postalCode}&maxEntity={maxEntity}&bannerMaxWidth={bannerMaxWidth}&bannerMaxHeight={bannerMaxHeight}","Store_setdefaultstore":"/api/en/Store/SetDefaultStore","Store_setdelivery":"/api/en/Store/setDelivery","Store_setselectedstore":"/api/en/Store/setSelectedStore?storeId={storeId}&fulfillmentMethod={fulfillmentMethod}&postalCode={postalCode}","Store_setpickup":"/api/en/Store/setPickup","Store_getstoretimeslots":"/api/en/Store/getstoretimeslots","Store_getavailabletimeslots":"/api/en/Store/getAvailableTimeSlots?storeId={storeId}&customerId={customerId}&fulfillmentMethodType={fulfillmentMethodType}","Store_reservetimeslot":"/api/en/Store/reserveTimeSlot?StoreId={StoreId}&CustomerId={CustomerId}&StartTime={StartTime}&EndTime={EndTime}&FulfillmentMethodType={FulfillmentMethodType}&CultureName={CultureName}","Store_getcurrentstoreinfo":"/api/en/Store/getcurrentstoreinfo","Store_selecttimeslot":"/api/en/Store/selectTimeSlot","Store_releasereservedtimeslot":"/api/en/Store/releaseReservedTimeSlot","Search_get":"/api/en/Search/get","Search_starts":"/api/en/Search/starts?term={term}&type={type}","Coordinate_getpostalcode":"/api/en/Coordinate/GetPostalCode?Longitude={Longitude}&Latitude={Latitude}","LoyaltyCardInformation_validatefidelitycardnumber":"/api/en/LoyaltyCardInformation/ValidateFidelityCardNumber?fidelityCardNumber={fidelityCardNumber}","LoyaltyCardInformation_getshoppingprofile":"/api/en/LoyaltyCardInformation/GetShoppingProfile","FacebookData_defaultaction":"/api/en/FacebookData/DefaultAction","ElementMatcher_deployedcampaigns":"/api/en/ElementMatcher/DeployedCampaigns","ElementMatcher_deployedgoals":"/api/en/ElementMatcher/DeployedGoals","ElementMatcher_deployedevents":"/api/en/ElementMatcher/DeployedEvents","ElementMatcher_defaultaction":"/api/en/ElementMatcher/DefaultAction","BaseShoppingList_addproduct":"/api/en/BaseShoppingList/addProduct","BaseShoppingList_addkeywords":"/api/en/BaseShoppingList/addKeywords","BaseShoppingList_deleteitems":"/api/en/BaseShoppingList/deleteItems","Recipe_recipeslighthome":"/api/en/Recipe/recipeslighthome","Recipe_recipeslightweeklymenu":"/api/en/Recipe/recipeslightweeklymenu","Recipe_recipeslightweek":"/api/en/Recipe/recipeslightweek","Recipe_recipedetails":"/api/en/Recipe/recipedetails/{id}","Recipe_getrecipesformealplanrequest":"/api/en/Recipe/GetRecipesForMealPlanRequest?cultureName={cultureName}&weekDate={weekDate}&diet={diet}","CustomerProductComment_savecomment":"/api/en/CustomerProductComment/savecomment?productId={productId}","CustomerProductComment_getcomment":"/api/en/CustomerProductComment/getcomment?productId={productId}","CustomerProductComment_getcomments":"/api/en/CustomerProductComment/getComments","GooglePlusRecentActivity_defaultaction":"/api/en/GooglePlusRecentActivity/DefaultAction","AggregateView_get":"/api/en/AggregateView/Get?viewId={viewId}","Products_weekspecialsproductskus":"/api/en/Products/weekspecialsproductskus","Actions_convertlist":"/api/en/Actions/ConvertList/{id}","Actions_removeallcontactassociationsandsources":"/api/en/Actions/RemoveAllContactAssociationsAndSources/{id}","Actions_removecontact":"/api/en/Actions/RemoveContact/{id}?contactId={contactId}","Actions_addnewcontact":"/api/en/Actions/AddNewContact/{id}","Actions_deletelistbyid":"/api/en/Actions/DeleteListById/{id}","Actions_unlocklist":"/api/en/Actions/UnlockList/{id}","Actions_renamefolder":"/api/en/Actions/RenameFolder/{id}?newName={newName}","Actions_movefolder":"/api/en/Actions/MoveFolder/{id}?destinationId={destinationId}","Actions_movelist":"/api/en/Actions/MoveList/{id}?destinationId={destinationId}","Actions_deletefolder":"/api/en/Actions/DeleteFolder/{id}","Actions_removeduplicates":"/api/en/Actions/RemoveDuplicates/{id}","Actions_createfolder":"/api/en/Actions/CreateFolder/{id}?folderName={folderName}","Actions_exportcontacts":"/api/en/Actions/ExportContacts/{id}","AnalyticsData_get":"/api/en/AnalyticsData/Get","Consumer_resetpassword":"/api/en/Consumer/resetpassword?email={email}","Consumer_closeitemunavailablewarning":"/api/en/Consumer/closeitemunavailablewarning","Consumer_redirecttosubscription":"/api/en/Consumer/redirecttosubscription?email={email}","Beacon_trackpagevisit":"/api/en/Beacon/TrackPageVisit?page={page}&referrer={referrer}&contactId={contactId}","Beacon_trackgoal":"/api/en/Beacon/TrackGoal/{id}?page={page}&contactId={contactId}","Beacon_trackcampaign":"/api/en/Beacon/TrackCampaign/{id}?page={page}&contactId={contactId}","Beacon_trackevent":"/api/en/Beacon/TrackEvent/{id}?page={page}&contactId={contactId}","Beacon_triggerelementmatch":"/api/en/Beacon/TriggerElementMatch/{id}?page={page}&referrer={referrer}&contactId={contactId}","Beacon_ping":"/api/en/Beacon/Ping?address={address}","Beacon_bundleaddress":"/api/en/Beacon/BundleAddress","Beacon_stoptracking":"/api/en/Beacon/StopTracking?contactId={contactId}&killContact={killContact}&endTime={endTime}","Beacon_defaultaction":"/api/en/Beacon/DefaultAction","ExperienceEditorComponent_getsublayouthtml":"/api/en/ExperienceEditorComponent/GetSublayoutHtml/{id}?uniqueId={uniqueId}&placeholder={placeholder}&database={database}","ExperienceEditorComponent_getrenderinghtml":"/api/en/ExperienceEditorComponent/GetRenderingHtml/{id}?uniqueId={uniqueId}&placeholder={placeholder}&database={database}","ExperienceEditorComponent_updatesublayouthtml":"/api/en/ExperienceEditorComponent/UpdateSublayoutHtml/{id}?uniqueId={uniqueId}&deviceId={deviceId}&placeholder={placeholder}&database={database}","ExperienceEditorComponent_updaterenderinghtml":"/api/en/ExperienceEditorComponent/UpdateRenderingHtml/{id}?uniqueId={uniqueId}&deviceId={deviceId}&placeholder={placeholder}&database={database}","ExperienceEditorComponent_defaultaction":"/api/en/ExperienceEditorComponent/DefaultAction","Redirection_go":"/api/en/Redirection/Go?key={key}","ExternalSiteProxy_proxy":"/api/en/ExternalSiteProxy/Proxy?url={url}","AnalyticsPageEvents_getimage":"/api/en/AnalyticsPageEvents/GetImage?pageEventId={pageEventId}&w={w}&h={h}","AnalyticsPageEvents_getpageevent":"/api/en/AnalyticsPageEvents/GetPageEvent?pageEventId={pageEventId}","OfferedServices_all":"/api/en/OfferedServices/all","ListLocking_defaultaction":"/api/en/ListLocking/DefaultAction","Category_rootcategories":"/api/en/Category/rootcategories","ContactList_defaultaction":"/api/en/ContactList/DefaultAction?rootId={rootId}&filter={filter}&searchExpression={searchExpression}&pageIndex={pageIndex}&pageSize={pageSize}","ShoppingCart_updatecartitems":"/api/en/ShoppingCart/updatecartitems","ShoppingCart_updatecart":"/api/en/ShoppingCart/updatecart","ShoppingCart_getshoppingcartmodifications":"/api/en/ShoppingCart/GetShoppingCartModifications?NewStoreId={NewStoreId}","ShoppingCart_getcart":"/api/en/ShoppingCart/getcart","ShoppingCart_addcoupon":"/api/en/ShoppingCart/addcoupon","ShoppingCart_removecoupon":"/api/en/ShoppingCart/removecoupon?coupon={coupon}","ShoppingCart_addlisttocart":"/api/en/ShoppingCart/addlisttocart?listname={listname}","ShoppingList_getall":"/api/en/ShoppingList/getAll","ShoppingList_addproducts":"/api/en/ShoppingList/addProducts","ShoppingList_deleteitem":"/api/en/ShoppingList/deleteItem","ShoppingList_setactive":"/api/en/ShoppingList/setActive","ShoppingList_create":"/api/en/ShoppingList/create","ShoppingList_delete":"/api/en/ShoppingList/delete","ShoppingList_addproduct":"/api/en/ShoppingList/addProduct","ShoppingList_addkeywords":"/api/en/ShoppingList/addKeywords","ShoppingList_deleteitems":"/api/en/ShoppingList/deleteItems","GiftOfTheWeek_get":"/api/en/GiftOfTheWeek/get?CustomerId={CustomerId}&StoreId={StoreId}&FulfillmentDate={FulfillmentDate}","TwitterRecentActivity_defaultaction":"/api/en/TwitterRecentActivity/DefaultAction","LinkedInData_defaultaction":"/api/en/LinkedInData/DefaultAction","GooglePlusData_defaultaction":"/api/en/GooglePlusData/DefaultAction","RecipeBox_add":"/api/en/RecipeBox/Add/{id}","RecipeBox_remove":"/api/en/RecipeBox/Remove/{id}","ContactsByPath_defaultaction":"/api/en/ContactsByPath/DefaultAction?Path={Path}&TreeDefinitionId={TreeDefinitionId}&StartDate={StartDate}&EndDate={EndDate}","AnalyticsMasterData_getchanneltypeimage":"/api/en/AnalyticsMasterData/GetChannelTypeImage?channelTypeId={channelTypeId}&w={w}&h={h}","AnalyticsMasterData_getchannelimage":"/api/en/AnalyticsMasterData/GetChannelImage?channelId={channelId}&w={w}&h={h}","AnalyticsMasterData_getoutcomedefinitionimage":"/api/en/AnalyticsMasterData/GetOutcomeDefinitionImage?outcomeDefinitionId={outcomeDefinitionId}&w={w}&h={h}","AnalyticsMasterData_getoutcomedefinitions":"/api/en/AnalyticsMasterData/GetOutcomeDefinitions","Security_defaultaction":"/api/en/Security/DefaultAction","DomainMatcher_queryone":"/api/en/DomainMatcher/QueryOne/{id}","DomainMatcher_queryall":"/api/en/DomainMatcher/QueryAll?skip={skip}&top={top}&search={search}&sorting={sorting}","DomainMatcher_queryallcreatedby":"/api/en/DomainMatcher/QueryAllCreatedBy?createdBy={createdBy}&skip={skip}&top={top}&search={search}&sorting={sorting}","DomainMatcher_ashttpresponseex":"/api/en/DomainMatcher/AsHttpResponseEx?statusCode={statusCode}","DomainMatcher_defaultaction":"/api/en/DomainMatcher/DefaultAction"},"ProductImages":{"Small":"https://az870929.vo.msecnd.net/cdn/media/data/default/product-small.ashx","Medium":"https://az870929.vo.msecnd.net/cdn/media/data/default/product-medium.ashx","Large":"https://az870929.vo.msecnd.net/cdn/media/data/default/product-large.ashx"},"LocalStorageExpirationCart":259200,"MaximumOrderItems":280,"CustomerId":"616f260f-2dea-4b85-85e3-02254738a6ba","DefaultCartName":"Default","CultureName":"en-CA","IsCommerceEnabled":true,"GigyaKey":"3_DuW5tjCEWG1051YpPIq5u9fQ66pB164AHj6RRIaHPaDUNMPLXT4hiqlVbd_BufE_","GigyaTimeout":1200,"IsLoggedIn":false,"IsUserAuthenticated":false,"Username":"","TimeSlotReservationExpirationDate":0,"TimeSlotReservationDuration":0,"NotificationTimeBeforeReservationExpiration":15,"ServerTime":1604290497,"AddThisPubId":"ra-56b3e7c653410466","PageUrls":{"StoreAndTimeSlotSelector":"/utilities/store-and-time-slot-selector?item=%2fshop-online%2ffrozen","ProductDetails":"/product","ForgotPassword":"/my-account/resetpassword","CreateAccount":"/my-account/create/1_basicinfo"},"ScopeId":"15555D1","TypeAheadCount":5,"Cart":{"Data":{"ItemsCount":0,"FormattedItemsCount":"0 Items","Subtotal":0.00,"FormattedSubtotal":"$0.00","FormattedTotal":"$0.00","SummaryDetails":null,"Items":[],"CouponInfo":{"Coupons":[],"ErrorMessage":null},"IsTimeSlotSet":false,"FormattedTimeSlot":null,"SelectedTimeSlotDate":null,"SelectedTimeSlotStartTime":null,"SelectedTimeSlotEndTime":null,"SelectedGift":"","IsStoreDefinedCorrectly":false,"OrderNotes":""},"DataType":"LightShoppingCart","Errors":[],"PropertyBag":{"ShowMinimumOrderPrice":true}}}
	</script>

	

<!--[if gte IE 9]><!-->
<script src="/assets/scripts/Tether.bundle?v=DKf83SjJHPHkcvXMx1aUrkgCW72GIf7yFCdeCEfOKxo1"></script>

<script src="/assets/scripts/Shepherd.bundle?v=QgHtJ10WT-oEzali_0f4rVTo6UD_55evPNLbDfbZccA1"></script>

<!--<![endif]-->

<script src="/assets/scripts/main.bundle?v=GojrAMNKAGj1HFOxPfxX05Rhqdk-84u7DHEVbwZo82s1"></script>



        <script>
            (function () {
                var sz = document.createElement('script'); sz.type = 'text/javascript'; sz.async = true;
                sz.src = '//siteimproveanalytics.com/js/siteanalyze_85766.js';
                var s = document.getElementsByTagName('script')[0]; s.parentNode.insertBefore(sz, s);
            })();
        </script>
    

	

<div class="cookie-popup-container js-cookie-popup-container">
	<h1>Cookie collection and updated privacy commitment</h1>
	<div class="grid">
		<div class="grid__item five-sixths palm--one-whole">
			<p class="text">
				We have updated our privacy commitment and are now collecting cookies to provide you with ads tailored to your interest across the internet. For more information about cookies and how to disable cookies, visit our privacy commitment.
				<a id="ctl03_LearnMoreLink" href="/utilities/privacy-policy#cookies">Learn more</a>
			</p>
		</div>
		<div class="grid__item one-sixth cookie-popup-actions-container palm--one-whole">
			<button class="btn btn--default js-accept-cookie-policy">
				Close</button>
		</div>
	</div>
</div>


	
</body>
</html>
